1994 3055
144 124 203 169 28
565 122 623 168 P.
675 120 992 168 VERGILI
1027 120 1381 169 MARONJS

147 230 453 287 Conclamat,
489 227 771 289 primusque
807 226 997 274 animos
1032 225 1257 274 accendit
1290 226 1342 273 in
1376 227 1586 275 hostem.

148 300 159 320 ‘
180 297 297 343 Non
330 296 453 342 haec
486 294 713 342 humanis
750 293 939 355 opibus,
977 309 1079 341 non
1115 303 1217 341 arte
1252 294 1479 355 magistra

148 366 159 387 ‘
180 361 494 420 Proveniant,
532 377 694 422 neque
730 370 792 417 te,
833 362 1015 418 Aenea,
1053 376 1163 407 mea
1199 361 1396 408 dextera
1431 368 1589 407 servat
1601 376 1615 418 3

148 433 160 456 ‘
180 428 343 476 Maior
375 427 475 490 agit
509 429 630 475 deus
665 438 813 488 atque
849 443 997 488 opera
1031 427 1092 474 ad
1129 427 1316 474 maiora
1349 426 1578 474 remittit.'

147 496 237 543 Ille
273 495 440 543 avidus
475 510 668 555 pugnae
705 509 840 540 suras
875 493 1138 540 incluserat
1172 509 1292 540 auro
1703 509 1800 553 430

148 561 284 609 Hinc
318 571 465 623 atque
499 561 626 619 hinc,
666 560 868 622 oditque
903 576 1078 618 moras,
1113 561 1402 620 hastamque
1439 568 1673 606 coruscat.

148 631 416 690 Postquam
451 626 625 674 habilis
661 627 797 674 lateri
833 627 1019 688 clipeus
1055 627 1303 700 loricaque
1340 635 1476 688 tergo
1512 634 1598 684 est,

146 695 413 742 Ascanium
447 694 565 741 fusis
601 693 783 740 circum
819 694 1143 755 conplectitur
1177 694 1334 751 armis,

147 764 444 823 Summaque
479 777 565 823 per
592 762 790 834 'galeam
826 761 1048 808 delibans
1085 761 1252 808 oscula
1286 762 1434 807 fatur:

151 828 345 885 ‘Disce,
385 845 518 889 puer,
556 827 784 875 virtutem
821 844 879 874 ex
912 843 992 874 me
1027 843 1295 888 verumque
1332 828 1565 885 laborem,
1706 839 1798 887 435

149 899 161 920 ‘
182 897 449 942 Fortunam
486 911 545 942 ex
579 894 695 941 aliis.
773 896 921 941 Nunc
957 904 1003 941 te
1040 910 1151 941 mea
1187 894 1383 941 dextera
1419 894 1550 941 bello

150 963 455 1009 ‘Defensum
492 961 640 1019 dabit,
679 971 727 1008 et
763 977 941 1023 magna
976 960 1102 1008 inter
1136 960 1352 1022 praemia
1388 961 1559 1007 ducet:

150 1034 160 1054 ‘
180 1031 258 1076 Tu
295 1029 454 1086 facito,
493 1044 608 1076 mox
643 1044 757 1075 cum
792 1037 982 1075 matura
1017 1028 1283 1075 adoleverit
1317 1037 1466 1084 aetas,

150 1096 252 1144 ‘Sis
288 1111 490 1153 memor,
530 1105 578 1142 et
612 1104 660 1142 te
696 1094 859 1142 animo
896 1104 1200 1156 repetentem
1237 1095 1458 1155 exempla
1494 1105 1688 1141 tuorum

150 1165 245 1210 ‘Et
280 1172 416 1224 pater
451 1165 645 1209 Aeneas
683 1171 730 1209 et
765 1163 1035 1208 avunculus
1073 1161 1250 1209 excitet
1287 1163 1504 1208 Hector.'
1706 1175 1803 1217 440

216 1231 361 1277 Haec
394 1227 479 1276 ubi
515 1228 647 1276 dicta
683 1228 831 1286 dedit,
869 1228 1021 1289 portis
1058 1244 1163 1276 sese
1201 1227 1368 1276 extulit
1403 1227 1589 1289 ingens,

147 1298 324 1344 Telum
358 1295 556 1343 inmane
591 1311 740 1341 manu
778 1294 1001 1356 quatiens
1011 1311 1024 1352 3
1061 1295 1204 1342 simul
1240 1294 1433 1356 agmine
1471 1295 1625 1341 denso

151 1364 470 1424 Antheusque
507 1363 897 1423 Mnestheusque
932 1372 1092 1420 ruunt,
1133 1362 1391 1423 omnisque
1426 1361 1604 1408 relictis

147 1432 313 1478 Turba
348 1429 452 1476 fluit
488 1430 669 1477 castris.
741 1431 872 1476 Tum
909 1445 1057 1476 caeco
1093 1429 1290 1490 pulvere
1327 1444 1529 1488 campus

150 1498 399 1556 Miscetur,
437 1498 679 1558 pulsuque
715 1497 897 1569 pedum
936 1495 1096 1543 tremit
1134 1496 1289 1543 excita
1324 1496 1476 1542 tellus.
1707 1508 1801 1556 445

148 1564 285 1612 Vidit
320 1566 383 1611 ab
420 1565 624 1611 adverso
661 1579 770 1610 ven
777 1573 913 1610 entes
950 1579 1122 1625 aggere
1160 1565 1364 1609 Turnus.

147 1631 328 1678 Videre
364 1630 586 1689 Ausonii,
622 1630 910 1692 gelidusque
946 1646 1031 1692 per
1065 1647 1164 1676 ima
1199 1628 1405 1677 cucurrit

151 1700 278 1746 Ossa
312 1707 516 1756 tremor;
551 1696 708 1759 prima
741 1707 854 1744 ante
892 1713 1063 1744 omnes
1102 1699 1307 1743 Iuturna
1344 1695 1546 1743 Latinos

149 1764 320 1813 Audiit
355 1764 683 1826 adgnovitque
721 1780 910 1821 sonum,
949 1774 996 1811 et
1033 1765 1313 1811 tremefacta
1348 1762 1532 1824 refugit.

150 1834 240 1879 Ille
275 1833 420 1890 volat,
459 1847 733 1893 campoque
769 1843 926 1878 atrum
962 1830 1086 1892 rapit
1119 1847 1294 1893 agmen
1329 1839 1509 1892 aperto.
1708 1843 1805 1890 450

149 1898 320 1961 Qualis
356 1898 440 1946 ubi
476 1899 540 1946 ad
576 1908 724 1945 terras
759 1900 971 1959 abrupto
1009 1897 1165 1945 sidere
1201 1897 1398 1945 nimbus

151 1969 198 2014 It
233 1982 366 2013 mare
401 1982 487 2027 per
522 1965 741 2012 medium
751 1984 765 2026 3
801 1964 1001 2022 miseris,
1040 1965 1151 2022 heu,
1189 1964 1409 2026 praescia
1441 1965 1588 2023 longe

151 2035 458 2081 Horrescunt
495 2033 643 2080 corda
678 2031 927 2094 agricolis;
965 2032 1103 2079 dabit
1137 2032 1219 2079 ille
1255 2031 1417 2078 ruinas

148 2100 432 2157 Arboribus,
464 2109 772 2161 stragemque
809 2098 946 2159 satis3
984 2109 1089 2146 ruet
1126 2098 1292 2146 omnia
1328 2100 1425 2145 late
1438 2117 1448 2157 3

151 2170 281 2214 Ante
316 2168 499 2225 volant,
538 2165 851 2227 sonitumque
886 2167 1044 2213 ferunt
1078 2167 1141 2213 ad
1177 2165 1317 2213 litora
1352 2166 1506 2214 venti:
1710 2178 1803 2225 455

150 2233 284 2281 Talis
320 2233 370 2280 in
406 2234 636 2280 adversos
673 2233 847 2280 ductor
884 2232 1155 2280 Rhoeteius
1191 2233 1355 2280 hostes

152 2304 342 2362 Agmen
382 2300 481 2360 agit
494 2319 503 2358 3
540 2299 678 2347 densi
717 2299 886 2347 cuneis
923 2316 974 2347 se
1011 2299 1216 2360 quisque
1253 2298 1438 2347 coactis

151 2369 516 2428 Adglomerant.
591 2365 720 2413 Ferit
755 2382 870 2413 ense
905 2382 1099 2427 gravem
1138 2367 1473 2427 Thymbraeus
1511 2364 1705 2423 Osirim,

152 2433 437 2481 Archetium
476 2434 780 2491 Mnestheus,
821 2434 1098 2494 Epulonem
1134 2434 1394 2480 obtruncat
1430 2434 1660 2491 Achates,

153 2502 487 2562 Ufentemque
523 2501 652 2562 Gyas
663 2517 676 2558 ,·
711 2499 843 2547 cadit
878 2499 980 2562 ipse
1016 2498 1309 2548 Tolumnius
1344 2516 1509 2562 augur,
1711 2500 1808 2559 460

153 2567 344 2615 Primus
379 2567 430 2614 in
465 2567 696 2615 adversos
732 2568 884 2614 telum
921 2566 1005 2628 qui
1040 2575 1244 2614 torserat
1278 2566 1457 2615 hostes.

152 2634 364 2682 Tollitur
398 2633 449 2680 in
485 2635 675 2681 caelum
712 2635 910 2692 clamor,
947 2633 1172 2695 versique
1207 2632 1419 2681 vicissim

157 2702 497 2749 Pulverulenta
530 2701 643 2762 fuga
681 2700 853 2747 Rutuli
890 2701 1010 2748 dant
1044 2709 1178 2762 terga
1212 2717 1299 2762 per
1333 2717 1486 2762 agros.

156 2771 269 2830 Ipse
303 2783 465 2829 neque
500 2783 693 2815 aversos
730 2767 957 2829 dignatur
991 2776 1204 2816 sternere
1240 2768 1397 2826 morti,

156 2838 263 2882 Nec
297 2835 423 2896 pede
461 2849 745 2895 congressos
781 2850 942 2895 aequo
977 2849 1070 2880 nec
1106 2835 1203 2881 tela
1233 2835 1441 2882 ferentes
1713 2835 1806 2894 465
