1994 3055
620 109 1015 157 AENEJDOS
1058 109 1198 155 LIB.
1239 110 1364 155 Xll.
1761 127 1820 172 29

166 214 467 275 Insequitur3
502 216 662 262 solum
699 216 851 262 densa
887 215 936 261 in
974 215 1180 276 caligine
1216 217 1440 262 Turnum

164 280 384 342 vestigat
418 282 639 338 lustrans,
678 283 835 329 solum
872 281 920 327 in
957 281 1222 329 certamina
1255 281 1425 343 poscit.

166 349 283 394 Hoc
318 363 555 395 concussa
589 356 722 396 metu
758 357 976 395 mentem
1015 350 1218 395 Iuturna
1253 348 1418 408 virago

165 413 394 476 Aurigam
429 413 586 461 Turni
619 413 783 462 media
817 414 942 461 inter
976 415 1078 461 lora
1117 414 1381 462 Metiscum

165 479 374 539 Excutit,
415 489 462 528 et
497 482 642 543 longe
678 482 866 543 lapsum
904 489 1101 527 temone
1137 480 1331 542 reliquit
1343 499 1355 539 3
1723 495 1816 540 470

163 546 280 608 Ipsa
316 546 459 605 subit,
491 548 816 609 manibusque
852 548 1093 594 undantes
1130 547 1281 594 flectit
1316 549 1549 605 habenas,

164 614 356 662 Cuncta
388 630 573 676 gerens,
612 630 884 675 vocemque
921 623 969 661 et
1005 630 1180 675 corpus
1218 623 1265 661 et
1300 630 1434 661 arma
1472 612 1681 661 Metisci.

163 679 316 740 Nigra
349 682 483 728 velut
518 697 717 742 magnas
754 680 941 728 domini
978 696 1090 726 cum
1127 679 1286 728 divitis
1322 682 1469 728 aedes

163 749 389 795 Pervolat
425 756 473 795 et
508 747 681 809 pennis
717 748 813 794 alta
849 747 970 794 atria
1005 748 1176 794 lustrat
1212 746 1435 805 hirundo,

161 815 348 861 Pabula
381 830 528 875 parva
562 815 728 875 legens
763 813 990 875 nidisque
1026 813 1316 875 loquacibus
1355 830 1490 861 escas
1502 832 1514 873 3
1720 828 1812 874 475

162 883 226 928 Et
260 896 394 927 nunc
426 879 694 943 porticibus
730 880 911 938 vacuis,
947 897 1080 927 nunc
1117 880 1319 928 humida
1355 879 1536 927 circum

161 949 342 1009 Stagna
377 957 544 995 sonat:
582 947 749 995 similis
785 947 974 995 medios
1013 949 1218 994 Iuturna
1251 964 1338 1009 per
1372 947 1537 994 hostes

161 1015 332 1062 Fertur
366 1014 518 1076 equis,
556 1013 825 1076 rapidoque
861 1016 1030 1062 volans
1067 1014 1171 1062 obit
1207 1014 1372 1061 omnia
1408 1030 1571 1072 curru,

161 1083 368 1143 Iamque
403 1081 483 1128 hic
516 1097 815 1143 germanum,
855 1081 1050 1143 iamque
1087 1081 1166 1128 hic
1203 1089 1416 1128 ostentat
1451 1091 1704 1137 ovantem,

161 1150 271 1196 Nec
306 1149 524 1196 conferre
561 1164 763 1194 manum
799 1147 979 1210 patitur
990 1167 1001 1206 3
1038 1149 1170 1196 volat
1206 1148 1314 1194 avia
1350 1149 1508 1209 longe.
1718 1149 1814 1205 480

162 1215 316 1262 Haud
352 1214 514 1263 minus
544 1217 739 1263 Aeneas
775 1224 927 1262 tortos
964 1214 1079 1276 legit
1115 1214 1288 1262 obvius
1326 1216 1480 1271 orbes,

158 1282 477 1344 Vestigatque
511 1281 669 1329 virum
706 1291 754 1329 et
790 1281 992 1329 disiecta
1026 1297 1112 1343 per
1146 1281 1339 1343 agmina
1375 1297 1550 1342 magna

158 1350 296 1397 Voce
331 1357 489 1397 vocat.
563 1347 803 1410 Quotiens
841 1350 1007 1396 oculos
1045 1348 1254 1396 coniecit
1288 1347 1338 1394 in
1374 1348 1581 1405 hostem,

159 1416 523 1478 Alipedumque
558 1416 723 1477 fugam
760 1432 901 1462 cursu
939 1415 1192 1476 temptavit
1229 1430 1479 1476 equorum,

158 1484 368 1530 Aversos
404 1482 582 1530 totiens
619 1499 783 1530 currus
821 1484 1026 1530 Iuturna
1059 1481 1264 1529 retorsit.
1718 1482 1811 1540 485

161 1551 294 1608 Heu,
333 1548 451 1611 quid
488 1552 632 1610 agat?
701 1549 850 1596 Vario
887 1548 1186 1610 nequiquam
1222 1548 1425 1594 fluctuat
1460 1556 1611 1604 aestu,

160 1616 489 1677 Diversaeque
524 1624 703 1663 vocant
738 1615 956 1662 animum
993 1616 1042 1662 in
1079 1614 1319 1662 contraria
1355 1630 1511 1661 curae.

160 1682 297 1730 Huic
333 1685 607 1744 Messapus,
646 1683 716 1730 uti
752 1684 890 1729 laeva
925 1684 1025 1730 duo
1060 1683 1183 1730 forte
1218 1682 1417 1743 gerebat

159 1751 328 1808 Lenta,
366 1749 485 1797 levis
521 1765 677 1807 cursu,
715 1750 928 1810 praefixa
962 1749 1154 1796 hastilia
1188 1749 1326 1805 ferro,

159 1819 354 1864 Horum
388 1832 542 1863 unum
578 1825 709 1864 certo
746 1828 1077 1877 contorquens
1114 1815 1274 1877 dirigit
1309 1814 1421 1862 ictu.
1717 1829 1813 1873 490

158 1883 382 1932 Substitit
417 1885 626 1942 Aeneas,
666 1892 713 1930 et
750 1900 801 1930 se
838 1882 1033 1944 collegit
1067 1882 1118 1929 in
1154 1898 1302 1939 arma,

157 1950 350 2012 Poplite
386 1949 643 1998 subsidens
655 1969 667 2010 3
703 1950 894 2011 apicem
931 1959 1095 1996 tamen
1131 1948 1281 1996 incita
1317 1963 1562 1996 summum

161 2019 322 2065 Hasta
357 2017 480 2075 tulit,
519 2033 830 2077 summasque
867 2016 1075 2064 excussit
1109 2015 1289 2063 vertice
1327 2015 1505 2062 cristas.

158 2086 290 2131 Tum
323 2099 438 2131 vero
475 2083 740 2144 adsurgunt
775 2083 874 2131 irae
883 2101 896 2143 ,·
932 2082 1217 2144 insidiisque
1253 2083 1498 2139 subactus,

159 2150 392 2198 Diversos
427 2150 510 2197 ubi
547 2150 693 2197 sentit
729 2166 882 2211 equos
920 2166 1211 2211 currumque
1246 2148 1422 2206 referri,
1718 2159 1810 2207 495

159 2219 321 2265 Multa
358 2219 529 2264 Iovem
567 2225 615 2264 et
649 2216 766 2264 laesi
802 2226 1005 2264 testatus
1041 2216 1250 2264 foederis
1286 2232 1407 2273 aras,

159 2286 268 2331 Iam
303 2284 504 2332 tandem
540 2283 725 2330 invadit
759 2283 962 2341 medios,
1001 2293 1050 2330 et
1088 2285 1248 2330 Marte
1285 2282 1503 2330 secundo

157 2350 406 2399 Terribilis
443 2366 638 2398 saevam
672 2351 809 2398 nullo
846 2349 1124 2397 discrimine
1161 2350 1364 2397 caedem

158 2417 380 2475 Suscitat,
418 2417 695 2478 irarumque
732 2433 902 2465 omnes
941 2416 1147 2464 effundit
1182 2418 1412 2464 habenas.

225 2483 347 2546 Quis
382 2483 501 2531 mihi
536 2500 669 2530 nunc
704 2493 778 2531 tot
812 2485 989 2531 acerba
1026 2485 1160 2541 deus,
1200 2483 1305 2545 quis
1343 2482 1554 2529 carmine
1592 2481 1769 2528 caedes

160 2550 402 2609 Diversas,
440 2550 727 2612 obitumque
765 2551 957 2608 ducum,
999 2567 1122 2612 quos
1159 2566 1372 2611 aequore
1408 2558 1513 2597 toto

159 2619 318 2679 Inque
353 2617 510 2666 vicem
545 2634 678 2664 nunc
714 2620 909 2664 Turnus
946 2617 1057 2680 agit,
1097 2633 1228 2664 nunc
1264 2616 1441 2663 Troius
1477 2616 1634 2674 herOS,

160 2683 438 2746 Expediat?
473 2687 658 2731 tanton’
695 2683 878 2745 placuit
916 2699 1204 2731 concurrere
1240 2692 1391 2741 motu,

159 2749 394 2812 Iuppiter,
431 2758 628 2798 aeterna
661 2760 831 2812 gentes
869 2750 917 2797 in
953 2767 1074 2812 pace
1109 2751 1334 2797 futuras?

157 2819 352 2865 Aeneas
390 2818 631 2864 Rutulum
667 2818 1077 2875 Sucronem,—ea
1111 2816 1266 2878 prima
1301 2823 1494 2863 ruentes
1720 2826 1810 2874 505
