1994 3055
660 65 1051 129 AENEJDOS
1095 82 1232 127 ΜΒ.
1276 83 1397 127 ΧΗ.
1793 90 1850 133 23

210 185 404 232 Nomen
439 191 540 230 erat
573 181 772 240 virtutiS,
813 191 860 229 et
894 182 997 243 ipse
1034 181 1293 229 acerrimus
1330 179 1539 226 armis—-

211 251 265 296 In
306 247 489 296 medias
525 250 610 296 dat
645 264 751 296 sese
785 247 928 306 acies,
967 248 1096 294 haud
1132 246 1297 293 nescia
1331 262 1503 304 rerum,

211 317 545 375 Rumoresque
582 314 694 362 serit
728 313 899 371 varios,
937 329 995 360 ac
1030 312 1143 360 talia
1178 315 1322 359 fatur:

209 383 352 428 ‘Non
387 382 551 442 pudet,
591 397 620 428 o
660 380 844 437 Rutuli,
883 396 969 440 pro
1006 378 1193 426 cunctis
1230 378 1404 424 talibus
1440 393 1587 423 unam

209 452 219 472 ‘
242 446 501 495 Obiectare
536 446 779 493 animam?
814 447 1084 492 numerone
1120 461 1182 490 an
1217 444 1396 491 viribus
1432 443 1575 504 aequi
1758 460 1848 502 230

209 515 357 560 ‘Non
393 516 589 561 sumus?
628 515 717 571 En,
755 528 926 560 omnes
963 521 1010 558 et
1045 513 1198 557 Troes
1237 520 1284 557 et
1318 510 1533 556 Arcades
1570 509 1617 555 hi
1657 522 1780 566 sunt,

210 584 221 605 ‘
244 581 534 640 Fatalesque
570 595 756 635 manus,
795 578 984 625 infensa
1021 577 1209 623 Etruria
1244 579 1426 623 Turno.

211 645 336 692 ‘Vix
371 646 576 703 hostem,
615 644 786 692 alterni
823 645 860 691 si
896 643 1281 705 congrediamur,
1319 643 1566 688 habemus.

209 713 331 759 ‘Ille
367 711 565 772 quidem
601 713 664 758 ad
701 726 914 772 superos,
952 726 1157 772 quorum
1196 725 1246 756 se
1283 709 1492 755 devovet
1527 708 1632 765 aris,

210 779 481 825 ‘Succedet
518 779 657 835 fama,
695 777 929 838 vivusque
967 793 1051 838 per
1087 792 1169 823 ora
1205 776 1403 832 seretur3
1762 788 1849 834 235

214 846 365 902 ιΝοε,
403 844 556 905 patria
591 844 780 902 amissa,
821 842 1031 891 dominis
1068 857 1231 903 parere
1271 839 1489 902 superbis

210 911 502 972 ‘Cogemur‚
541 910 625 971 qui
661 927 792 957 nunc
827 910 947 957 lenti
983 908 1296 956 consedimus
1332 907 1484 953 arvis)

208 977 409 1024 Talibus
446 976 645 1023 incensa
681 987 751 1024 est
788 976 1016 1024 iuvenum
1054 973 1293 1022 sententia
1329 973 1470 1021 dictis

214 1045 317 1090 Iam
351 1043 502 1104 magis
538 1053 683 1105 atque
719 1043 885 1105 magis,
924 1042 1168 1103 serpitque
1205 1057 1289 1102 per
1324 1040 1518 1101 agmina
1554 1055 1789 1096 murmur3

211 1108 312 1171 Ipsi
346 1111 613 1157 Laurentes
648 1111 820 1157 mutati
855 1109 1044 1171 ipsique
1083 1107 1256 1155 Latini.
1764 1120 1855 1162 240

211 1175 307 1237 Qui
342 1175 434 1224 sibi
469 1176 566 1222 iam
601 1176 818 1238 requiem
853 1192 1043 1238 pugnae
1079 1176 1321 1235 rebusque
1357 1175 1559 1220 salutem

211 1243 494 1304 Sperabant,
533 1259 665 1289 nunc
699 1259 832 1289 arma
868 1244 1052 1300 volunt,
1089 1242 1361 1301 foedusque
1396 1247 1652 1301 precantur

214 1310 469 1366 Infectum‚
509 1317 555 1356 et
592 1309 745 1356 Turni
781 1320 959 1356 sortem
996 1308 1280 1354 miserantur
1315 1305 1543 1367 iniquam.

214 1374 307 1422 His
342 1375 473 1422 aliud
509 1376 664 1422 maius
703 1378 903 1423 Iuturna
939 1374 1171 1435 adiungit,
1211 1383 1258 1420 et
1293 1374 1392 1419 alto

214 1443 312 1489 Dat
348 1441 538 1504 signum
576 1444 726 1499 caelo,
765 1458 863 1503 quo
900 1457 998 1488 non
1036 1439 1336 1502 praesentius
1372 1439 1521 1484 ullum
1765 1453 1853 1497 245

212 1508 447 1555 Turbavit
483 1518 671 1555 mentes
708 1509 872 1566 Italas,
912 1518 1226 1567 monstroque
1264 1505 1445 1552 fefellit.

214 1576 441 1635 Namque
477 1576 645 1622 volans
682 1577 826 1622 rubra
860 1576 1018 1620 fulvus
1058 1573 1186 1621 Iovis
1222 1574 1320 1618 ales
1356 1572 1407 1617 in
1441 1571 1606 1617 aethra

213 1639 430 1688 Litoreas
467 1641 679 1702 agitabat
714 1657 826 1688 aves
863 1643 1152 1701 turbamque
1190 1647 1446 1686 sonantem

214 1706 436 1769 Agminis
471 1707 660 1769 aligeri:
696 1707 857 1755 subito
895 1724 1005 1754 cum
1042 1708 1203 1767 lapsus
1238 1706 1303 1752 ad
1337 1705 1492 1751 undas
1790 1745 1795 1748 ,

214 1774 436 1836 Cycnum
474 1775 795 1821 excellentem
831 1774 1040 1836 pedibus
1077 1773 1200 1834 rapit
1233 1772 1481 1833 improbus
1517 1770 1666 1815 uncis.
1769 1780 1859 1827 250

216 1842 445 1887 Arrexere
481 1840 669 1888 animos
709 1840 832 1898 Itali,
871 1849 1172 1900 cunctaeque
1209 1840 1428 1886 volucres

217 1908 518 1955 Convertunt
555 1909 767 1954 clamore
804 1909 980 1968 fugam,
1018 1905 1236 1952 mirabile
1274 1904 1392 1962 visu,

215 1974 524 2034 Aetheraque
557 1975 820 2021 obscurant
856 1973 1042 2034 pennis,
1079 1974 1369 2032 hostemque
1403 1987 1489 2032 per
1523 1985 1660 2016 auras

218 2042 364 2086 Facta
398 2041 531 2087 nube
565 2050 805 2101 premunt,
845 2041 1004 2087 donec
1039 2039 1085 2085 vi
1121 2038 1275 2085 victus
1313 2047 1359 2085 et
1394 2038 1501 2098 ipso

222 2107 440 2153 Pondere
477 2106 667 2164 defecit,
706 2108 1034 2168 praedamque
1071 2122 1130 2152 ex
1165 2104 1409 2167 unguibus
1447 2105 1545 2150 ales
1766 2118 1788 2148 2
1799 2117 1821 2162 5
1833 2116 1855 2162 5

220 2172 425 2220 Proiecit
463 2172 620 2231 fluvio,
659 2173 949 2234 penitusque
985 2172 1034 2219 in
1070 2171 1238 2218 nubila
1272 2171 1404 2232 fugit.

215 2240 346 2285 Tum
381 2255 496 2286 vero
532 2239 784 2301 augurium
823 2238 993 2286 Rutuli
1031 2240 1241 2285 clamore
1277 2239 1502 2293 salutant,

221 2305 594 2367 Expediuntque
630 2321 802 2352 manus
814 2323 826 2363 3
860 2305 1142 2367 primusque
1177 2304 1469 2352 Tolumnius
1504 2318 1667 2363 augur,

220 2375 231 2396 ‘
254 2373 370 2419 Hoc
406 2382 519 2430 erat,
557 2373 666 2430 hoc,
704 2372 857 2430 votis,'
896 2372 1066 2433 inquit,
1108 2371 1270 2432 ‘quod
1308 2386 1451 2431 saepe
1487 2369 1648 2430 petivi.

220 2437 472 2498 ‘Accipio,
510 2439 858 2500 adgnoscoque
895 2439 1037 2496 deos‚·
1074 2455 1164 2495 me,
1205 2453 1282 2484 me
1319 2438 1444 2483 duce
1481 2437 1654 2482 ferrum
1770 2433 1860 2477 260

221 2507 232 2528 ‘
254 2504 506 2565 Corripite,
546 2521 576 2552 o
612 2505 786 2562 miseri,
816 2520 938 2566 quos
975 2504 1207 2565 inprobus
1244 2504 1433 2550 advena
1470 2503 1598 2549 bello

223 2570 471 2628 ‘Territat,
509 2570 746 2618 invalidas
781 2580 835 2617 ut
869 2587 997 2627 aves,
1039 2580 1084 2617 et
1119 2570 1260 2617 litora
1294 2579 1452 2616 vestra

223 2636 313 2681 ‘Vi
349 2637 562 2697 populat.
637 2639 777 2684 Petet
812 2636 892 2684 ille
928 2638 1104 2698 fugam,
1143 2635 1433 2697 penitusque
1468 2633 1710 2696 profundo

224 2702 374 2748 ‘Vela
407 2701 553 2749 dabit.
626 2704 731 2750 Vos
766 2701 984 2749 unanimi
1022 2703 1222 2749 densate
1259 2710 1487 2759 catervas,

225 2770 317 2815 ‘Et
351 2783 513 2830 regem
549 2768 686 2816 vobis
722 2785 885 2830 pugna
921 2768 1168 2816 defendite
1203 2769 1422 2828 raptum!
1771 2766 1857 2820 265
