1994 3055
122 120 178 150 22
544 104 598 150 P.
653 103 964 150 VERGILI
1001 104 1348 152 MARONJS

128 207 414 254 ‘Aeneadae
448 207 668 265 referent,
706 208 889 254 ferrove
926 208 1046 254 haec
1082 224 1229 269 regna
1264 210 1514 256 lacessent.

122 273 235 320 ‘Sin
271 282 489 319 nostrum
525 273 747 319 adnuerit
782 272 926 320 nobis
962 273 1180 320 Victoria
1216 275 1511 331 Martem—-

123 340 226 386 ‘Ut
260 338 423 400 potius
458 354 578 395 reor,
618 348 665 385 et
701 338 862 398 potius
899 338 950 387 di
984 340 1185 387 numine
1220 341 1478 387 firment—-

122 406 268 451 ‘Non
305 420 394 465 ego
430 420 522 452 nec
558 404 759 451 Teucris
796 407 947 452 Italos
982 422 1150 467 parere
1185 406 1381 463 iubebo,

121 473 132 495 ‘
153 472 260 517 Nec
296 469 413 516 mihi
448 486 596 531 regna
632 479 747 531 peto
757 488 770 529 ,·
805 471 1002 532 paribus
1039 488 1090 519 se
1127 471 1313 533 legibus
1349 472 1522 518 ambae
1670 488 1763 532 190

122 541 132 560 ‘
156 536 371 583 Invictae
407 546 575 597 gentes
612 545 809 584 aeterna
844 536 890 583 in
929 538 1126 584 foedera
1160 537 1363 584 mittant.

121 607 132 627 ‘
154 605 296 649 Sacra
333 603 550 662 deosque
587 603 717 649 dabo
730 620 742 661 3
778 619 916 650 socer
950 620 1083 650 arma
1120 603 1322 650 Latinus
1358 603 1555 657 habeto,

120 668 410 728 ‘Imperium
448 667 682 714 sollemne
718 682 883 726 socer,
923 665 1038 712 mihi
1078 665 1270 712 moenia
1306 664 1483 712 Teucri

121 739 131 758 ‘
155 731 483 788 Constituent,
520 730 725 791 urbique
762 730 897 777 dabit
932 731 1137 776 Lavinia
1172 731 1383 776 nomen.'

122 798 200 846 Sic
234 797 362 859 prior
396 800 589 844 Aeneas
599 816 612 856 3
648 796 863 857 sequitur
898 795 966 843 sic
1001 796 1180 843 deinde
1217 795 1432 853 Latinus,
1677 809 1763 857 195

121 863 398 925 Suspiciens
435 865 638 919 caelum,
677 862 933 923 tenditque
968 863 1026 908 ad
1068 862 1226 909 sidera
1260 863 1501 909 dextram:

124 935 134 955 ‘
161 933 300 977 Haec
336 931 523 986 eadem,
564 932 745 987 Aenea,
783 931 996 986 Terram,
1040 931 1189 986 Mare,
1229 927 1407 983 Sidera,
1449 928 1564 973 iuro.

124 1000 135 1020 ‘
158 999 474 1056 Latonaeque
508 1011 661 1057 genus
699 996 891 1056 duplex,
933 998 1205 1055 Ianumque
1241 994 1516 1052 bifrontem,

124 1063 367 1122 ‘Vimque
405 1063 553 1109 deum
588 1062 824 1127 infernam
862 1070 908 1108 et
945 1060 1050 1107 duri
1087 1060 1291 1107 sacraria
1327 1059 1455 1106 Ditis
1466 1077 1479 1117 3

125 1129 339 1175 ‘Audiat
374 1129 496 1175 haec
532 1127 749 1185 Genitor,
790 1126 872 1188 qui
908 1128 1105 1174 foedera
1139 1126 1339 1173 fulmine
1376 1125 1541 1172 sancit.
1675 1143 1769 1173 200

125 1197 329 1255 ‘Tango
366 1210 483 1252 aras,
523 1194 713 1240 medios
750 1193 885 1254 ignes
923 1203 969 1240 et
1006 1192 1206 1239 numina
1243 1201 1413 1239 testor:

126 1264 137 1285 ‘
158 1262 308 1307 Nulla
342 1260 445 1307 dies
482 1273 655 1321 pacem
691 1260 818 1306 hanc
855 1259 990 1306 Italis
1026 1275 1119 1305 nec
1153 1259 1351 1305 foedera
1385 1267 1588 1318 rumpet,

126 1331 138 1353 ‘
159 1328 270 1387 Quo
307 1342 380 1374 res
417 1342 628 1387 cumque
664 1327 864 1383 cadent;
900 1341 992 1372 nec
1027 1341 1105 1372 me
1139 1324 1210 1371 vis
1247 1326 1346 1370 ulla
1378 1325 1620 1371 volentem

122 1397 137 1420 ‘
159 1397 369 1452 Avertet,
406 1409 521 1449 non,
561 1392 599 1439 si
635 1393 857 1439 tellurem
895 1392 1113 1439 effundat
1148 1390 1198 1437 in
1234 1391 1404 1447 undas,

128 1460 354 1506 ‘Diluvio
390 1459 612 1512 miscens,
652 1460 942 1519 caelumque
978 1457 1028 1504 in
1063 1459 1264 1504 Tartara
1301 1458 1477 1516 solvat3
1678 1470 1767 1517 205

126 1530 137 1551 ‘
160 1528 231 1572 Ut
266 1535 506 1586 sceptrum
545 1526 902 1572 hoff—dextra
938 1532 1181 1585 sceptrum
1220 1539 1333 1569 nam
1362 1524 1483 1570 forte
1510 1525 1771 1582 gerebat-—

127 1594 439 1652 ‘Numquam
477 1592 648 1638 fronde
683 1590 776 1637 levi
812 1591 983 1637 fundet
1018 1589 1221 1650 virgulta
1255 1605 1350 1636 nec
1383 1589 1590 1643 umbras,

128 1660 286 1705 ‘Cum
324 1659 473 1704 semel
509 1657 557 1703 in
595 1656 725 1704 silvis
761 1656 860 1703 imo
897 1657 960 1703 de
996 1656 1142 1716 stirpe
1178 1655 1384 1702 recisum

128 1727 319 1770 ‘Matre
356 1733 499 1781 caret,
539 1723 800 1784 posuitque
838 1739 1003 1769 comas
1041 1732 1088 1769 et
1122 1721 1349 1769 bracchia
1387 1722 1510 1767 ferro
1523 1739 1534 1778 3

129 1795 139 1814 ‘
160 1791 292 1838 Olim
328 1791 493 1849 arbos3
528 1806 659 1836 nunc
693 1789 885 1836 artificis
921 1804 1092 1835 manus
1128 1804 1237 1835 aere
1274 1788 1454 1835 decoro
1681 1802 1773 1833 210

130 1856 378 1914 ‘Inclusit,
417 1855 732 1917 patribusque
769 1856 904 1903 dedit
940 1864 1127 1916 gestare
1163 1853 1375 1901 Latinis.'

127 1922 330 1970 Talibus
367 1922 491 1969 inter
526 1938 577 1969 se
612 1923 868 1968 firmabant
905 1922 1102 1968 foedera
1137 1919 1279 1967 dictis

128 1990 408 2050 Conspectu
446 1988 496 2035 in
531 1989 696 2036 medio
733 2004 999 2049 procerum.
1074 1989 1202 2034 Tum
1242 1986 1329 2033 rite
1366 1994 1574 2032 sacratas

129 2057 186 2101 In
224 2056 472 2100 flammam
508 2053 726 2115 iugulant
762 2055 991 2115 pecudes,
1030 2062 1078 2100 et
1112 2053 1297 2100 viscera
1329 2052 1448 2099 vivis
1660 2106 1663 2109 ¹

129 2121 365 2182 Eripiunt,
405 2123 751 2181 cumulantque
789 2120 998 2167 oneratis
1034 2119 1253 2166 lancibus
1289 2134 1405 2166 aras.
1681 2131 1771 2177 215

196 2190 260 2234 At
295 2203 408 2233 vero
447 2186 640 2234 Rutulis
677 2187 814 2247 inpar
850 2202 906 2233 ea
942 2203 1105 2247 pugna
1139 2184 1290 2233 videri

131 2253 440 2310 Iamdudum,
481 2261 527 2299 et
561 2252 693 2299 vario
729 2252 917 2299 misceri
956 2262 1153 2313 pectora
1188 2261 1321 2298 motu
1331 2269 1344 2310 3

129 2322 256 2366 Tum
293 2318 459 2380 magis,
498 2327 551 2365 ut
586 2317 783 2380 propius
820 2327 1024 2364 cernunt
1060 2334 1160 2364 non
1195 2317 1374 2363 viribus
1409 2317 1589 2377 aequis.

132 2385 343 2432 Adiuvat
379 2385 570 2431 incessu
606 2384 755 2431 tacito
791 2400 1073 2445 progressus
1110 2394 1157 2430 et
1192 2399 1323 2429 aram

129 2451 419 2512 Suppliciter
453 2466 688 2497 venerans
724 2449 937 2497 demisso
973 2449 1155 2495 lumine
1191 2451 1397 2506 Turnus,
1681 2463 1775 2493 220

129 2519 475 2577 Tabentesque
510 2532 663 2578 genae
701 2525 748 2562 et
783 2514 992 2562 iuvenali
1028 2514 1074 2560 in
1113 2530 1312 2575 corpore
1349 2515 1512 2575 pallor.

132 2584 293 2642 Quem
332 2582 566 2628 simulac
604 2584 806 2628 Iuturna
841 2597 977 2627 soror
1012 2582 1292 2627 crebescere
1326 2579 1445 2625 vidit

133 2650 428 2706 Sermonem,
470 2658 516 2694 et
551 2647 678 2708 volgi
715 2646 895 2693 variare
932 2646 1147 2693 labantia
1182 2646 1342 2699 corda,

134 2717 194 2761 In
231 2713 415 2761 medias
449 2713 593 2771 acies,
630 2715 833 2760 formam
868 2712 1157 2759 adsimulata
1195 2709 1490 2766 Camerti,—

134 2780 229 2829 Cui
263 2796 414 2841 genus
450 2797 477 2826 a
513 2779 701 2840 proavis
736 2777 921 2839 ingens,
961 2779 1241 2836 clarumque
1279 2786 1508 2836 paternae
1689 2788 1772 2835 225
