1994 3055
102 109 163 149 40
520 88 576 134 P.
629 87 769 133 VER
778 86 942 135 GJLJ
977 86 1326 134 MARONJS

99 194 275 241 Genua
307 193 489 250 labant,
525 193 715 254 gelidus
750 192 998 239 concrevit
1031 192 1203 254 frigore
1239 191 1447 253 sanguis.

99 261 229 306 Turn
265 259 388 320 lapis
423 258 526 321 ipse
561 258 662 316 viri,
699 275 908 305 vacuum
944 274 1032 320 per
1067 258 1212 306 inane
1247 260 1456 316 volutus,

101 327 209 374 Nec
245 325 454 387 spatium
492 325 644 372 evasit
679 334 853 383 totum,
890 341 1051 386 neque
1086 324 1281 387 pertulit
1314 326 1478 371 ictum.

98 395 174 440 Ac
207 394 341 440 velut
375 392 425 438 in
461 390 660 449 somnis,
699 392 868 439 oculos
903 392 988 439 ubi
1024 392 1255 453 languida
1288 390 1462 453 pressit

100 461 261 506 Nocte
298 457 449 520 quies,
486 457 786 531 nequiquam
822 458 991 506 avidos
1027 459 1289 505 extendere
1325 473 1493 504 cursus

99 527 239 573 Velle
272 525 509 582 videmur,
548 533 596 572 et
629 524 680 571 in
715 523 890 572 mediis
926 524 1183 572 conatibus
1218 523 1347 586 aegri

100 591 426 650 Succidimus,
462 607 562 638 non
599 591 763 653 lingua
797 593 938 650 valet,
976 608 1077 639 non
1113 607 1318 652 corpore
1354 601 1500 638 notae

100 658 353 707 Sufficiunt
386 657 523 716 vires,
561 674 654 705 nec
689 674 783 706 vox
816 667 900 706 aut
932 659 1080 706 verba
1115 668 1403 731 sequuntur:

102 725 181 773 Sic
216 727 401 783 Turno,
430 741 740 786 quacumque
774 725 903 772 viam
939 724 1114 772 virtute
1150 724 1333 787 petivit,

101 794 392 840 Successum
428 793 521 839 dea
555 791 660 839 dira
694 802 852 854 negat.
924 793 1055 839 Tum
1090 801 1290 853 pectore
1325 807 1496 839 sensus

100 861 368 906 Vertuntur
400 857 517 905 varii
527 876 540 918 3
577 859 789 906 Rutulos
824 859 1079 920 adspectat
1114 867 1163 906 et
1195 860 1381 917 urbem,

102 927 472 987 Cunctaturque
508 935 657 983 metu,
697 927 947 987 telumque
983 925 1159 973 instare
1195 925 1441 973 tremescit
1450 943 1463 985 5

102 994 224 1051 Nec,
262 1008 360 1054 quo
397 1008 448 1040 se
485 991 668 1054 eripiat,
706 1008 811 1051 nec,
850 1008 948 1054 qua
981 992 1028 1039 vi
1064 993 1233 1040 tendat
1267 992 1317 1038 in
1353 993 1560 1050 hostem,

102 1061 211 1107 Nec
246 1075 411 1106 currus
446 1074 653 1120 usquam
687 1058 819 1107 videt
855 1058 1169 1120 aurigamque
1206 1075 1431 1107 sororem.

103 1125 367 1175 Cunctanti
402 1127 556 1173 telum
591 1120 787 1173 Aeneas*
822 1127 965 1174 fatale
1002 1137 1237 1183 coruscat,

102 1193 306 1241 Sortitus
340 1193 583 1240 fortunam
619 1192 786 1248 oculis,
827 1202 875 1240 et
910 1209 1113 1254 corpore
1148 1202 1253 1241 toto

104 1259 307 1308 Eminus
342 1259 599 1321 intorquet.
677 1259 854 1306 Murali
890 1260 1084 1307 concita
1117 1276 1386 1321 numquam

102 1329 374 1375 Tormento
411 1326 479 1373 sic
515 1343 630 1373 saxa
663 1327 889 1386 fremunt,
927 1342 1020 1374 nec
1054 1326 1255 1374 fulmine
1291 1326 1414 1374 tanti

105 1393 378 1441 Dissultant
413 1393 634 1455 crepitus.
708 1395 858 1440 Volat
893 1393 982 1440 atri
1018 1393 1223 1441 turbinis
1259 1393 1410 1441 instar

105 1460 322 1508 Exitium
359 1460 517 1507 dirum
553 1461 692 1507 hasta
728 1462 900 1518 ferens,
940 1476 1146 1522 orasque
1182 1461 1389 1508 recludit

103 1527 307 1575 Loricae
345 1536 392 1575 et
428 1526 571 1588 clipei
609 1536 849 1575 extremos
886 1527 1214 1589 septemplicis
1251 1529 1404 1575 orbes.

105 1597 198 1642 Per
232 1594 451 1642 medium
489 1593 696 1641 stridens
732 1594 902 1641 transit
938 1595 1108 1641 femur.
1181 1594 1364 1642 Incidit
1399 1594 1522 1643 ictus

106 1663 289 1723 Ingens
325 1662 389 1708 ad
424 1670 601 1708 terram
637 1661 887 1722 duplicato
922 1661 1110 1722 poplite
1145 1663 1351 1709 Turnus.

107 1730 421 1790 Consurgunt
455 1727 640 1789 gemitu
678 1727 862 1785 Rutuli,
902 1738 1132 1789 totusque
1168 1728 1377 1790 remugit

108 1797 258 1843 Mons
295 1795 488 1853 circum,
530 1804 577 1842 et
612 1810 782 1842 vocem
821 1796 915 1842 late
952 1811 1155 1842 nemora
1189 1796 1287 1842 alta
1321 1796 1586 1843 remittunt.

107 1863 198 1909 Ille
222 1861 431 1909 humiles
458 1863 660 1923 supplex
687 1863 854 1909 oculos
881 1862 1198 1924 dextramque
1224 1874 1505 1924 precantem

108 1929 426 1987 Protendens,
467 1932 478 1953 ‘
501 1927 744 1990 Equidem
781 1929 949 1987 merui,
984 1945 1078 1976 nec
1114 1930 1362 1991 deprecor,
1399 1929 1556 1992 inquit
1573 1947 1586 1989 ,-

109 1998 293 2044 ‘Utere
330 2005 456 2043 sorte
494 2004 587 2042 tua.
665 1995 833 2043 Miseri
868 2005 916 2044 te
954 1996 992 2043 si
1029 2012 1127 2058 qua
1161 1997 1374 2058 parentis

109 2065 362 2124 ‘Tangere
399 2078 512 2109 cura
546 2072 721 2124 potest,
761 2063 1021 2117 oro,—-fuit
1057 2073 1104 2110 et
1139 2063 1226 2110 tibi
1264 2064 1370 2111 talis

110 2129 377 2177 ‘Anchises
413 2129 839 2191 genitor—Dauni
876 2130 1104 2178 miserere
1143 2140 1383 2188 senectae,

110 2201 120 2221 ‘
144 2199 205 2244 Et
241 2212 335 2255 me,
373 2212 458 2243 seu
494 2212 668 2258 corpus
705 2196 965 2258 spoliatum
1002 2196 1188 2244 lumine
1223 2197 1391 2255 mavis,

111 2263 320 2311 ‘Redde
355 2262 492 2310 meis.
563 2262 746 2321 Vicisti,
789 2273 837 2310 et
870 2263 1049 2310 victum
1088 2265 1288 2312 tendere
1323 2265 1510 2325 palmas

111 2329 346 2377 ‘Ausonii
381 2330 568 2377 videre:
604 2339 686 2377 tua
723 2339 795 2377 est
834 2329 1036 2376 Lavinia
1070 2330 1303 2377 coniunx:

111 2396 359 2445 ‘Ulterius
395 2413 458 2444 ne
493 2397 642 2444 tende
678 2396 832 2444 odiis.’
904 2396 1046 2444 Stetit
1080 2412 1191 2444 acer
1226 2397 1275 2443 in
1310 2397 1455 2445 armis

108 2466 314 2522 Aeneas,
352 2464 554 2510 volvens
590 2465 774 2522 ocu105‚
813 2464 1129 2525 dextramque
1164 2464 1414 2525 repressit;

111 2532 175 2578 Et
207 2530 304 2577 iam
340 2529 533 2591 iamque
570 2530 723 2591 magis
759 2539 1071 2577 cunctantem
1107 2530 1299 2578 flectere
1336 2547 1496 2580 sermo

112 2599 369 2659 Coeperat,
407 2596 571 2644 infelix
605 2597 809 2644 humero
847 2613 959 2644 curn
995 2597 1219 2659 adparuit
1255 2599 1355 2646 alto

112 2666 308 2712 Balteus
343 2672 392 2711 et
426 2663 555 2711 notis
590 2664 824 2710 fulserunt
859 2664 1051 2725 cingula
1086 2664 1230 2711 bullis

118 2728 350 2778 Pallantis
386 2729 535 2791 pueri,
573 2728 757 2777 victum
793 2746 941 2791 quem
978 2731 1175 2778 volnere
1211 2732 1407 2779 Turnus

111 2799 350 2846 Straverat
386 2807 530 2859 atque
565 2796 778 2844 humeris
813 2797 1066 2844 inimicum
1101 2796 1290 2860 insigne
1326 2801 1537 2862 gerebat.

1652 202 1743 250 905

1654 539 1749 584 910

1654 871 1747 918 915

1658 1208 1752 1252 920

1660 1542 1751 1589 925

1662 1879 1756 1924 930

1664 2215 1755 2261 935

1665 2550 1761 2595 940
