1994 3055
76 119 137 178 36
503 115 561 160 P.
614 112 927 159 VERGJLJ
967 112 1315 158 MARONJS

146 222 252 268 Nec
286 219 446 267 minus
483 221 691 276 Aeneas,
730 233 1026 278 quamquam
1065 219 1255 265 tardata
1291 217 1465 279 sagitta

84 288 335 335 Interdum
370 301 529 347 genua
565 284 839 345 impediunt
875 299 1166 344 cursumque
1203 294 1441 342 recusant,

83 352 374 415 Insequitur,
412 351 684 412 trepidique
720 351 900 411 pedem
936 351 1063 411 pede
1098 351 1310 397 fervidus
1346 359 1543 410 urguet:

83 422 334 467 Inclusum
372 417 519 466 veluti
556 416 594 463 si
630 417 831 477 quando
867 416 1068 463 flumine
1104 427 1277 463 nactus

82 488 308 543 Cervum,
348 493 431 531 aut
467 483 706 544 puniceae
743 491 965 543 saeptum
1003 481 1264 529 formidine
1302 497 1508 543 pennae,
1638 494 1731 545 750

87 554 299 600 Venator
335 566 473 597 cursu
513 549 647 596 canis
683 557 731 596 et
767 550 1017 596 latratibus
1052 549 1200 596 instat
1211 565 1224 606 3

83 620 172 666 Ille
206 628 383 675 autern,
423 615 608 662 insidiis
645 623 693 662 et
727 615 832 676 ripa
866 615 1058 662 territus
1094 616 1205 671 alta,

82 685 221 732 Mille
256 682 377 744 fugit
412 681 684 743 refugitque
718 681 842 729 vias:
879 690 927 728 at
962 680 1151 728 vividus
1190 681 1381 729 Umber

86 754 268 798 Haeret
304 749 455 806 hians,
495 749 590 795 iam
627 747 823 808 iamque
859 757 1005 806 tenet,
1045 748 1311 809 similisque
1350 748 1534 796 tenenti

83 815 332 878 Increpuit
367 814 519 873 malis,
560 830 823 875 morsuque
861 816 1022 862 elusus
1057 814 1190 861 inani
1228 824 1313 862 est.
1637 828 1729 875 755

81 886 211 930 Tum
247 898 360 930 vero
398 881 607 929 exoritur
642 882 840 939 clamor,
879 881 1108 942 ripaeque
1144 882 1376 942 lacusque

84 952 399 1011 Responsant
434 948 572 1006 circa,
614 956 662 995 et
697 949 888 994 caelum
925 956 1064 995 tonat
1100 964 1245 994 omne
1284 947 1506 995 tumultu.

84 1019 172 1063 Ille
209 1016 351 1063 simul
386 1015 573 1076 fugiens
613 1015 825 1061 Rutulos
862 1013 1006 1061 simul
1041 1014 1259 1074 increpat
1296 1029 1482 1070 omnes,

83 1082 298 1130 Nomine
334 1097 580 1143 quemque
616 1096 812 1139 vocans,
851 1089 1122 1142 notumque
1159 1079 1390 1141 efflagitat
1426 1095 1606 1128 ensem.

82 1153 275 1196 Aeneas
311 1157 518 1195 mortem
555 1156 725 1194 contra
760 1163 1089 1207 praesensque
1125 1147 1337 1193 minatur
1639 1149 1733 1206 760

84 1215 313 1273 Exitium,
352 1215 391 1261 si
427 1213 685 1275 quisquam
722 1214 880 1270 adeat,
920 1222 1163 1273 terretque
1198 1222 1475 1272 trementes,

86 1281 371 1329 Excisurum
407 1281 580 1327 urbem
616 1279 862 1336 minitans,
901 1288 949 1327 et
985 1279 1178 1326 saucius
1214 1279 1374 1326 instat.

83 1348 313 1409 Quinque
350 1348 491 1395 orbes
529 1348 727 1407 explent
763 1362 919 1404 cursu,
958 1345 1264 1406 totidemque
1299 1353 1523 1393 retexunt

85 1418 201 1461 Huc
235 1414 370 1472 illuc,
405 1429 567 1473 neque
603 1412 733 1459 enirn
768 1413 892 1459 levia
929 1421 1010 1460 aut
1044 1411 1230 1459 ludicra
1264 1420 1493 1473 petuntur

86 1480 317 1539 Praemia,
355 1481 442 1527 sed
478 1478 632 1526 Turni
669 1480 730 1526 de
765 1478 864 1526 vita
900 1487 947 1526 et
983 1479 1217 1540 sanguine
1253 1487 1454 1526 certant.
1641 1479 1732 1538 765

86 1550 228 1595 Forte
264 1562 399 1594 sacer
434 1547 606 1593 Fauno
639 1544 765 1593 foliis
802 1547 1008 1593 oleaster
1043 1545 1217 1592 amaris

88 1615 186 1660 Hic
221 1621 431 1671 steterat,
469 1611 627 1660 nautis
665 1611 781 1659 olim
816 1611 1092 1659 venerabile
1127 1612 1327 1671 lignum,

84 1679 267 1728 Servati
303 1696 363 1727 ex
397 1679 541 1726 undis
577 1678 662 1726 ubi
697 1680 842 1740 figere
879 1679 1012 1725 dona
1047 1678 1272 1725 solebant

84 1746 315 1794 Laurenti
351 1745 464 1793 divo
502 1754 548 1793 et
583 1754 721 1793 votas
758 1745 1053 1804 suspendere
1089 1753 1271 1791 vestes:

83 1815 179 1861 Sed
215 1814 414 1874 stirpem
450 1811 629 1859 Teucri
663 1813 798 1859 nullo
834 1810 1112 1859 discrimine
1148 1826 1338 1857 sacrum
1641 1821 1736 1868 770

84 1880 399 1936 Sustulerant‚
437 1894 560 1940 puro
597 1887 650 1925 ut
685 1887 887 1939 possent
923 1893 1209 1925 concurrere
1245 1893 1433 1939 campo.

90 1947 186 1993 Hic
221 1947 360 1993 hasta
394 1947 594 1992 Aeneae
631 1945 789 1992 stabat
799 1962 813 2004 3
847 1945 944 1991 huc
979 1943 1191 2005 impetus
1226 1943 1360 1990 illam

89 2014 352 2071 Detulerat,
389 2013 535 2058 fixam
572 2020 619 2059 et
654 2012 786 2058 lenta
820 2010 871 2057 in
905 2010 1068 2058 radice
1104 2011 1313 2058 tenebat.

88 2079 317 2127 Incubuit
351 2079 602 2139 voluitque
638 2094 785 2124 manu
824 2078 1097 2125 convellere
1131 2078 1310 2124 ferrum

89 2145 406 2203 Dardanides,
445 2146 642 2206 teloque
679 2144 832 2205 sequi,
868 2160 1016 2205 quem
1052 2144 1289 2205 prendere
1327 2157 1469 2191 cursu
1642 2154 1733 2203 775

86 2215 202 2261 Non
236 2219 439 2274 poterat.
511 2213 642 2258 Tum
677 2227 792 2258 vero
828 2226 997 2258 amens
1032 2210 1291 2258 formidine
1326 2211 1534 2263 Turnus,

86 2283 97 2304 ‘
120 2281 301 2338 Faune,
339 2293 523 2340 precor,
562 2277 817 2335 miserere‚'
854 2276 1025 2338 inquit,
1068 2280 1247 2336 ‘tuque
1284 2285 1489 2336 optuma
1525 2276 1698 2321 ferrum

87 2351 97 2371 ‘
118 2349 269 2393 Terra
302 2353 430 2403 tene,
469 2342 600 2392 colui
634 2352 819 2391 vestros
855 2343 894 2390 si
931 2358 1123 2404 semper
1156 2343 1380 2399 honores,

87 2414 258 2473 ‘Quos
293 2419 464 2459 contra
500 2411 763 2458 Aeneadae
798 2410 929 2457 bello
966 2411 1122 2457 fecere
1158 2408 1417 2470 profanos.’

87 2478 238 2536 Dixit,
278 2493 524 2540 opemque
560 2477 639 2523 dei
676 2492 777 2523 non
813 2491 951 2523 cassa
986 2475 1037 2522 in
1072 2483 1188 2522 vota
1221 2474 1428 2522 vocavit.
1644 2474 1737 2532 780

87 2547 317 2606 Namque
352 2543 436 2591 diu
472 2544 661 2591 luctans
697 2544 931 2603 lentoque
967 2541 1017 2588 in
1054 2541 1200 2602 stirpe
1236 2550 1452 2588 moratus

88 2611 283 2658 Viribus
318 2611 449 2658 haud
485 2610 594 2657 ullis
630 2608 780 2657 valuit
816 2609 1089 2656 discludere
1125 2622 1314 2655 morsus

88 2675 301 2725 Roboris
336 2678 545 2724 Aeneas.
621 2677 756 2723 Dum
792 2675 960 2723 nititur
994 2690 1106 2721 acer
1141 2682 1189 2720 et
1224 2673 1386 2732 instat,

89 2745 277 2791 Rursus
312 2741 363 2790 in
399 2742 593 2803 aurigae
628 2741 804 2789 faciem
840 2749 1027 2789 mutata
1064 2739 1259 2787 Metisci

90 2808 332 2858 Procurrit
366 2809 594 2870 fratrique
631 2824 797 2856 ensem
835 2808 928 2856 dea
965 2806 1163 2854 Daunia
1196 2805 1368 2855 reddit.
1644 2806 1733 2864 785
