1994 3055
538 508 592 558 P.
644 506 970 558 VERGILI
1027 506 1392 556 MARONIS

459 653 1470 730 AENEIDOS

592 861 802 907 LIBER
850 859 1338 908 DUODECIMUS.

139 1212 362 1258 TURNUS
400 1219 449 1256 ut
484 1207 711 1256 infractos
747 1208 950 1256 adverso
990 1210 1147 1254 Marte
1187 1207 1388 1255 Latinos

142 1277 393 1324 Defecisse
426 1275 573 1333 videt,
613 1291 701 1322 sua
735 1291 866 1321 nunc
902 1274 1139 1335 promissa
1173 1275 1378 1335 reposci,

139 1344 201 1391 Se
236 1342 410 1404 signari
447 1343 613 1398 oculis,
652 1343 776 1388 ultro
813 1341 1116 1401 inplacabilis
1151 1342 1303 1397 ardet,

141 1409 429 1469 Attollitque
465 1408 666 1454 animos.
743 1409 1018 1453 Poenorum
1056 1407 1209 1467 qualis
1246 1406 1296 1451 in
1331 1405 1454 1451 arvis

139 1475 341 1523 Saucius
376 1474 457 1521 ille
491 1474 621 1536 gravi
660 1482 923 1520 venantum
959 1474 1153 1519 volnere
1189 1480 1361 1532 pectus
1759 1485 1782 1531 5

141 1543 267 1588 Tum
306 1541 506 1588 demum
542 1549 706 1586 movet
741 1555 874 1586 arma
909 1540 1001 1596 leo,
1038 1538 1315 1599 gaudetque
1352 1547 1603 1584 comantes

144 1606 404 1654 Excutiens
443 1606 629 1652 cervice
666 1615 808 1663 toros,
849 1606 1097 1664 fixumque
1135 1603 1331 1650 latronis

143 1673 409 1734 Inpavidus
445 1672 617 1733 frangit
653 1673 817 1729 telum,
857 1680 904 1718 et
939 1670 1096 1717 fremit
1131 1686 1213 1717 ore
1251 1678 1484 1717 cruento:

144 1740 291 1786 Haud
331 1755 470 1786 secus
505 1754 713 1785 accenso
749 1738 904 1798 gliscit
941 1736 1170 1783 violentia
1204 1738 1387 1782 Turno.

139 1807 268 1852 'lum
305 1805 372 1852 sic
408 1806 597 1851 adfatur
632 1820 807 1865 regem,
847 1815 993 1863 atque
1031 1803 1095 1849 ita
1131 1803 1352 1849 turbidus
1388 1801 1520 1848 infit:
1730 1817 1786 1847 10

142 1873 321 1918 ‘Nulla
356 1887 491 1918 mora
526 1870 576 1917 in
612 1872 804 1927 Turno·
840 1869 957 1915 nihil
995 1879 1079 1925 est,
1120 1869 1252 1929 quod
1291 1869 1421 1915 dicta
1456 1876 1715 1915 retractent

142 1937 344 1999 ‘Ignavi
381 1938 656 1994 Aeneadae,
697 1952 801 1994 nec,
840 1952 966 1996 quae
1003 1936 1243 1996 pepigere,
1282 1945 1518 1981 recusent.

142 2004 488 2065 ‘Congredion
565 2005 656 2050 Fer
691 2018 837 2059 sacra,
876 2010 1027 2062 pater,
1066 2012 1113 2048 et
1149 2001 1355 2061 concipe
1392 2002 1578 2047 foedus.

143 2072 274 2117 ‘Aut
308 2070 401 2116 hac
439 2069 743 2116 Dardanium
781 2070 950 2115 dextra
986 2069 1076 2114 sub
1112 2069 1313 2113 Tartara
1350 2067 1552 2123 mittam,

143 2141 154 2161 ‘
175 2137 488 2184 Desertorem
524 2135 960 2192 Asiae,—sedeant
996 2143 1314 2194 spectentque
1353 2132 1579 2179 Latini—
1731 2147 1784 2192 15

143 2207 154 2228 ‘
174 2204 238 2250 Et
272 2204 405 2250 solus
439 2203 563 2249 ferro
601 2202 783 2248 crimen
819 2216 1082 2247 commune
1120 2201 1333 2246 refellam
1345 2218 1358 2259 3

143 2270 271 2316 ‘Aut
304 2269 484 2315 habeat
519 2268 686 2326 victos,
727 2267 870 2313 cedat
907 2266 1110 2313 Lavinia
1148 2265 1390 2312 coniunx!

208 2334 308 2383 Olli
343 2335 513 2381 sedato
550 2333 801 2406 respondit
838 2334 985 2379 corde
1024 2332 1259 2378 Latinus:

143 2402 219 2450 ‘O
255 2411 505 2462 praestans
541 2400 690 2446 animi
726 2416 806 2446 1111
810 2415 926 2456 ems
965 2409 1202 2459 quantum
1238 2397 1341 2458 ipse
1377 2395 1523 2443 feroci

143 2467 364 2514 ‘Virtute
401 2482 674 2527 exsuperas,
713 2475 848 2512 tanto
888 2481 965 2511 ine
988 2462 1253 2524 impensius
1290 2476 1499 2520 aequum
1537 2466 1608 2504 est
1729 2476 1786 2505 20

142 2534 459 2590 ‘Consulere,
498 2543 647 2593 atque
683 2547 853 2578 omnes
891 2540 1193 2577 metuentem
1231 2529 1505 2589 expendere
1543 2542 1694 2573 casus.

143 2600 297 2646 ‘Sunt
333 2598 422 2646 tibi
458 2614 607 2659 regna
642 2597 790 2659 patris
832 2596 1009 2654 Dauni,
1049 2605 1162 2642 sunt
1197 2595 1380 2666 oppida
1417 2602 1559 2653 capta

142 2666 336 2712 ‘Multa
370 2680 544 2722 manu,
590 2680 681 2711 nec
717 2679 817 2710 non
853 2678 1123 2722 aurumque
1160 2676 1447 2720 animusque
1488 2658 1663 2705 Latino
1702 2667 1785 2704 est.

143 2735 292 2781 ‘Sunt
327 2731 449 2778 aliae
486 2730 719 2791 innuptae
755 2729 897 2775 Latio
935 2739 982 2775 et
1019 2727 1344 2774 Laurentibus
1382 2725 1521 2786 agris,

145 2801 285 2848 ‘Nec
317 2813 470 2859 genus
507 2796 771 2844 indecores.
844 2794 957 2842 Sine
982 2810 1060 2841 me
1085 2795 1207 2840 haec
1231 2793 1364 2840 haud
1400 2789 1564 2838 mollia
1599 2790 1699 2834 fatu
1729 2802 1785 2846 25

269 2903 304 2938 s.
334 2903 455 2936 AEN.
483 2901 572 2933 xri.
1624 2894 1648 2925 2
