1994 3055
714 109 1104 155 AENEJDOS
1146 110 1283 154 ΜΒ.
1325 112 1446 155 XJJ.
1838 126 1895 171 37

259 212 407 272 Quod
443 213 612 259 Venus
648 211 824 259 audaci
861 214 1120 274 Nymphae
1157 213 1408 273 indignata
1443 213 1600 271 licere,

257 278 489 336 Accessit,
526 279 778 339 telumque
813 279 910 324 alta
944 280 1006 325 ab
1042 278 1203 326 radice
1238 278 1435 326 revellit.

259 343 358 392 Olli
394 343 639 402 sublimes,
679 343 823 390 armis
860 344 1133 405 animisque
1169 345 1347 399 refecti,

259 409 360 457 Hic
393 409 556 471 gladio
592 411 759 468 fidens,
797 409 875 456 hic
911 426 1024 457 acer
1060 420 1107 457 et
1142 412 1320 458 arduus
1358 412 1507 469 hasta,

259 475 514 524 Adsistunt
549 485 718 524 contra
753 476 1015 523 certamine
1055 476 1225 523 Martis
1261 477 1433 523 anheli.
1807 493 1898 537 790

322 544 567 590 Iunonem
602 543 783 590 interea
819 545 928 589 Rex
964 542 1314 603 omnipotentis
1351 541 1548 604 Olympi

257 608 566 670 Adloquitur,
603 610 734 655 fulva
768 624 956 670 pugnas
993 610 1054 655 de
1091 611 1220 656 nube
1257 618 1475 656 tuentem
1488 627 1498 666 3

260 677 432 736 ‘Quae
467 675 563 722 iam
598 675 708 721 finis
744 675 845 732 erit,
883 674 1126 722 coniunx?
1162 674 1279 736 quid
1317 674 1528 735 denique
1564 679 1747 722 restat?

260 741 563 802 ‘Indigetem
600 743 801 788 Aenean
840 740 930 788 scis
968 741 1083 802 ipsa,
1123 750 1171 789 et
1208 741 1327 788 scire
1362 741 1537 800 fateris,

259 807 473 854 ‘Deberi
510 809 663 865 caelo,
700 807 909 868 fatisque
945 808 1007 854 ad
1044 806 1199 855 sidera
1235 807 1349 854 tolli.
1808 824 1896 869 795

259 873 425 933 ‘Quid
461 873 634 920 struis?
668 883 751 920 aut
788 890 885 934 qua
921 889 1005 934 spe
1040 874 1212 934 gelidis
1248 873 1297 919 in
1335 872 1546 921 nubibus
1584 875 1780 922 haeres?

260 944 270 964 ‘
292 939 538 987 Mortalin'
576 939 740 986 decuit
775 939 943 987 violari
978 942 1175 987 volnere
1212 939 1408 986 divum?

260 1009 390 1053 ‘Aut
426 1005 780 1066 ensem—quid
817 1005 946 1053 enim
984 1005 1087 1053 sine
1122 1015 1170 1054 te
1207 1008 1409 1053 Iuturna
1445 1007 1720 1054 valeret?—

260 1075 525 1134 ‘Ereptum
563 1073 699 1120 reddi
737 1075 918 1126 Turno,
957 1082 1004 1119 et
1038 1073 1137 1119 vim
1174 1088 1388 1119 crescere
1423 1072 1588 1119 victis?

260 1142 271 1165 ·’
292 1140 475 1186 Desine
512 1138 607 1186 iam
643 1140 856 1197 tandem,
895 1139 1218 1200 precibusque
1254 1139 1497 1186 inflectere
1537 1139 1712 1186 nostris
1723 1159 1735 1199 3
1806 1142 1900 1185 800

261 1208 398 1253 ‘Nec
434 1214 481 1252 te
517 1215 680 1253 tantus
718 1206 817 1252 edit
854 1206 1049 1252 tacitam
1088 1207 1239 1262 dolor,
1280 1215 1326 1252 et
1364 1205 1478 1251 mihi
1517 1222 1657 1253 curae

260 1274 444 1333 ‘Saepe
481 1282 566 1319 tuo
603 1272 734 1319 dulci
771 1273 926 1319 tristes
965 1289 1023 1319 ex
1059 1289 1141 1320 ore
1177 1282 1434 1319 recursent.

260 1341 507 1386 ‘Ventum
543 1341 604 1386 ad
642 1354 923 1399 supremum
960 1348 1045 1385 est.
1118 1339 1277 1385 Terris
1314 1338 1492 1398 agitare
1528 1340 1601 1385 vel
1642 1338 1783 1386 undis

261 1404 528 1453 ‘Troianos
563 1405 776 1466 potuisti,
813 1404 1067 1451 infandum
1103 1406 1370 1452 accendere
1405 1406 1600 1462 bellum,

261 1473 576 1519 ‘Deformare
613 1473 831 1530 domum,
869 1481 915 1518 et
952 1473 1084 1518 luctu
1122 1471 1323 1518 miscere
1359 1471 1678 1532 hymenaeos:
1805 1473 1895 1532 805

262 1537 507 1585 ‘Ulterius
544 1548 778 1599 temptare
813 1540 953 1584 veto.'
1024 1538 1100 1584 Sic
1138 1538 1356 1598 Iuppiter
1391 1553 1526 1584 orsus
1537 1557 1548 1596 3

259 1603 336 1652 Sic
371 1605 464 1652 dea
499 1605 741 1651 submisso
777 1615 946 1651 contra
981 1603 1203 1651 Saturnia
1237 1605 1393 1651 voltu:

262 1672 393 1718 ‘Ista
427 1671 626 1732 quidem
663 1671 776 1731 quia
812 1679 930 1717 nota
965 1669 1079 1716 mihi
1118 1679 1214 1728 tua,
1252 1686 1442 1731 magne,
1481 1671 1717 1729 voluntas,

260 1737 523 1799 ‘Iuppiter,
563 1746 610 1784 et
645 1739 868 1784 Turnum
906 1745 953 1784 et
989 1746 1136 1784 terras
1172 1736 1321 1783 invita
1357 1736 1526 1797 reliqui
1537 1754 1549 1794 3

260 1806 400 1851 ‘Nec
435 1812 487 1851 tu
523 1820 602 1850 me
639 1803 766 1850 aeria
803 1805 956 1850 solam
992 1820 1125 1849 nunc
1160 1804 1274 1850 sede
1312 1802 1497 1850 videres
1807 1805 1899 1848 810

259 1874 271 1896 ‘
292 1870 456 1931 Digna
488 1869 689 1931 indigna
724 1870 837 1931 pati,
877 1871 963 1917 sed
999 1870 1207 1916 fiammis
1244 1869 1404 1916 cincta
1440 1871 1530 1916 sub
1569 1868 1669 1929 ipsa

260 1939 474 1985 ‘Starem
511 1937 615 1984 acie
651 1938 988 1997 traheremque
1023 1935 1220 1982 inimica
1254 1935 1302 1981 in
1339 1936 1521 1996 proelia
1556 1938 1787 1983 Teucros.

260 2007 271 2028 ⁴
293 2006 546 2050 Iuturnam
583 2003 772 2061 misero,
810 2004 976 2060 fateor,
1016 2019 1291 2049 succurrere
1328 2001 1457 2048 fratri

261 2069 441 2128 ‘Suasi,
480 2079 528 2117 et
562 2085 650 2130 pro
685 2069 783 2116 vita
818 2069 1001 2116 maiora
1036 2070 1215 2116 audere
1252 2068 1450 2129 probavi
1460 2086 1474 2128 3

260 2138 408 2184 ‘Non
445 2145 497 2183 ut
533 2138 630 2183 tela
666 2146 843 2194 tamen,
882 2152 982 2182 non
1019 2145 1071 2182 ut
1107 2136 1425 2182 contenderet
1461 2151 1624 2181 arcum
1635 2152 1649 2194 3
1807 2136 1896 2194 815

260 2202 478 2250 ‘Adiuro
515 2201 663 2263 Stygii
700 2211 847 2264 caput
883 2201 1173 2263 inplacabile
1210 2201 1370 2259 fontis,

260 2270 409 2317 ‘Una
443 2268 719 2329 superstitio
758 2268 941 2330 superis
978 2284 1104 2329 quae
1140 2267 1331 2315 reddita
1367 2267 1499 2314 divis.

261 2338 354 2383 ‘Et
388 2351 521 2382 nunc
556 2335 680 2382 cedo
717 2336 960 2396 equidem,
998 2351 1283 2395 pugnasque
1321 2350 1465 2381 exosa
1502 2333 1733 2395 relinquo.

261 2413 271 2426 ¹
293 2402 422 2449 Illud
458 2411 520 2461 te,
558 2403 691 2448 nulla
725 2401 809 2449 fati
845 2402 980 2463 quod
1016 2403 1120 2462 lege
1158 2410 1360 2458 tenetur,

262 2470 388 2516 ‘Pro
423 2467 566 2515 Latio
604 2469 834 2524 obtestor,
874 2484 960 2527 pro
997 2467 1249 2514 maiestate
1286 2476 1503 2515 tuorum:
1807 2468 1900 2512 820

262 2535 421 2582 ‘Cum
457 2533 554 2581 iam
577 2531 798 2580 conubiis
835 2547 1004 2592 pacem
1044 2530 1277 2585 felicibus
1318 2539 1436 2584 esto,

262 2601 608 2662 ‘Conponent,
647 2616 759 2646 cum
797 2598 892 2645 iam
929 2600 1060 2660 leges
1098 2607 1146 2644 et
1181 2598 1378 2644 foedera
1415 2597 1629 2658 iungent‚

263 2671 273 2691 ‘
294 2668 372 2713 Ne
407 2675 545 2714 vetus
580 2665 833 2726 indigenas
869 2681 1052 2712 nomen
1089 2674 1273 2710 mutare
1310 2662 1524 2720 Latinos,

263 2735 406 2780 ‘Neu
441 2734 596 2779 Troas
631 2731 732 2779 fieri
768 2732 935 2779 iubeas
971 2733 1286 2791 Teucrosque
1322 2730 1497 2785 vocari,

263 2801 393 2846 ‘Aut
426 2814 600 2846 vocem
635 2807 820 2845 mutare
858 2798 997 2856 viros,
1035 2806 1118 2844 aut
1155 2807 1336 2844 vertere
1373 2805 1568 2842 vestem.
1810 2797 1866 2840 82
1876 2811 1898 2855 5
