<?xml version="1.0" encoding="UTF-8"?>
<!DOCTYPE html PUBLIC "-//W3C//DTD XHTML 1.0 Transitional//EN"
    "http://www.w3.org/TR/xhtml1/DTD/xhtml1-transitional.dtd">
<html xmlns="http://www.w3.org/1999/xhtml" xml:lang="en" lang="en">
 <head>
  <title>
</title>
<meta http-equiv="Content-Type" content="text/html;charset=utf-8" />
  <meta name='ocr-system' content='tesseract 3.04.00' />
  <meta name='ocr-capabilities' content='ocr_page ocr_carea ocr_par ocr_line ocrx_word'/>
</head>
<body>
  <div class='ocr_page' id='page_1' title='image "aeneidbookxii00virguoft_0031.png"; bbox 0 0 1994 3055; ppageno 0'>
   <div class='ocr_carea' id='block_1_1' title="bbox 604 99 1809 162">
    <p class='ocr_par' dir='ltr' id='par_1_1' title="bbox 604 99 1809 162">
     <span class='ocr_line' id='line_1_1' title="bbox 604 99 1809 162; baseline 0.003 -19"><span class='ocrx_word' id='word_1_1' title='bbox 604 99 662 144; x_wconf 82' lang='lat' dir='ltr'><strong>P.</strong></span> <span class='ocrx_word' id='word_1_2' title='bbox 720 101 1034 147; x_wconf 83' lang='lat' dir='ltr'><em>VERGILI</em></span> <span class='ocrx_word' id='word_1_3' title='bbox 1069 102 1417 148; x_wconf 80' lang='lat' dir='ltr'><em>MARONJS</em></span> <span class='ocrx_word' id='word_1_4' title='bbox 1755 118 1809 162; x_wconf 88' lang='lat'><strong>27</strong></span> 
     </span>
    </p>
   </div>
   <div class='ocr_carea' id='block_1_2' title="bbox 184 198 1816 2808">
    <p class='ocr_par' dir='ltr' id='par_1_2' title="bbox 192 198 1334 262">
     <span class='ocr_line' id='line_1_2' title="bbox 192 198 1334 262; baseline -0.001 -14"><span class='ocrx_word' id='word_1_5' title='bbox 192 203 415 248; x_wconf 86' lang='lat' dir='ltr'><strong>Alternos</strong></span> <span class='ocrx_word' id='word_1_6' title='bbox 449 201 593 260; x_wconf 86' lang='lat' dir='ltr'><strong>longa</strong></span> <span class='ocrx_word' id='word_1_7' title='bbox 625 198 860 247; x_wconf 85' lang='lat' dir='ltr'><strong>nitentem</strong></span> <span class='ocrx_word' id='word_1_8' title='bbox 899 200 1098 261; x_wconf 83' lang='lat' dir='ltr'><strong>cuspide</strong></span> <span class='ocrx_word' id='word_1_9' title='bbox 1133 217 1334 262; x_wconf 84' lang='lat' dir='ltr'><strong>gressus.</strong></span> 
     </span>
    </p>

    <p class='ocr_par' dir='ltr' id='par_1_3' title="bbox 192 265 1371 323">
     <span class='ocr_line' id='line_1_3' title="bbox 192 265 1371 323; baseline -0.002 -9"><span class='ocrx_word' id='word_1_10' title='bbox 192 266 360 323; x_wconf 85' lang='lat' dir='ltr'><strong>Saevit,</strong></span> <span class='ocrx_word' id='word_1_11' title='bbox 400 274 446 312; x_wconf 90' lang='lat' dir='ltr'><strong>et</strong></span> <span class='ocrx_word' id='word_1_12' title='bbox 481 265 680 311; x_wconf 89' lang='lat' dir='ltr'><strong>infracta</strong></span> <span class='ocrx_word' id='word_1_13' title='bbox 714 267 920 311; x_wconf 88' lang='lat' dir='ltr'><strong>luctatur</strong></span> <span class='ocrx_word' id='word_1_14' title='bbox 955 267 1188 313; x_wconf 89' lang='lat' dir='ltr'><strong>arundine</strong></span> <span class='ocrx_word' id='word_1_15' title='bbox 1224 268 1371 313; x_wconf 91' lang='lat' dir='ltr'><strong>telum</strong></span> 
     </span>
    </p>

    <p class='ocr_par' dir='ltr' id='par_1_4' title="bbox 193 330 1542 392">
     <span class='ocr_line' id='line_1_4' title="bbox 193 330 1542 392; baseline 0.001 -15"><span class='ocrx_word' id='word_1_16' title='bbox 193 330 399 391; x_wconf 85' lang='lat' dir='ltr'><strong>Eripere,</strong></span> <span class='ocrx_word' id='word_1_17' title='bbox 436 330 710 390; x_wconf 87' lang='lat' dir='ltr'><strong>auxilioque</strong></span> <span class='ocrx_word' id='word_1_18' title='bbox 745 330 886 385; x_wconf 89' lang='lat' dir='ltr'><strong>viam,</strong></span> <span class='ocrx_word' id='word_1_19' title='bbox 925 347 1046 392; x_wconf 86' lang='lat' dir='ltr'><strong>quae</strong></span> <span class='ocrx_word' id='word_1_20' title='bbox 1084 347 1327 390; x_wconf 80' lang='lat' dir='ltr'><strong>proxuma,</strong></span> <span class='ocrx_word' id='word_1_21' title='bbox 1367 332 1542 392; x_wconf 84' lang='lat' dir='ltr'><strong>poscit:</strong></span> 
     </span>
    </p>

    <p class='ocr_par' dir='ltr' id='par_1_5' title="bbox 192 395 1360 455">
     <span class='ocr_line' id='line_1_5' title="bbox 192 395 1360 455; baseline -0.001 -12"><span class='ocrx_word' id='word_1_22' title='bbox 192 398 320 443; x_wconf 79' lang='lat' dir='ltr'><strong>Ense</strong></span> <span class='ocrx_word' id='word_1_23' title='bbox 355 405 520 442; x_wconf 88' lang='lat' dir='ltr'><strong>secent</strong></span> <span class='ocrx_word' id='word_1_24' title='bbox 554 395 652 441; x_wconf 89' lang='lat' dir='ltr'><strong>lato</strong></span> <span class='ocrx_word' id='word_1_25' title='bbox 687 396 873 451; x_wconf 90' lang='lat' dir='ltr'><strong>volnus,</strong></span> <span class='ocrx_word' id='word_1_26' title='bbox 913 396 1092 455; x_wconf 89' lang='lat' dir='ltr'><strong>telique</strong></span> <span class='ocrx_word' id='word_1_27' title='bbox 1127 398 1360 442; x_wconf 86' lang='lat' dir='ltr'><strong>latebram</strong></span> 
     </span>
    </p>

    <p class='ocr_par' dir='ltr' id='par_1_6' title="bbox 194 459 1816 587">
     <span class='ocr_line' id='line_1_6' title="bbox 194 459 1816 525; baseline 0.002 -18"><span class='ocrx_word' id='word_1_28' title='bbox 194 459 491 508; x_wconf 91' lang='lat' dir='ltr'><strong>Rescindant</strong></span> <span class='ocrx_word' id='word_1_29' title='bbox 524 460 731 520; x_wconf 88' lang='lat' dir='ltr'><strong>penitus,</strong></span> <span class='ocrx_word' id='word_1_30' title='bbox 769 475 972 520; x_wconf 88' lang='lat' dir='ltr'><strong>seseque</strong></span> <span class='ocrx_word' id='word_1_31' title='bbox 1007 460 1055 506; x_wconf 92' lang='lat' dir='ltr'><strong>in</strong></span> <span class='ocrx_word' id='word_1_32' title='bbox 1091 462 1218 507; x_wconf 88' lang='lat' dir='ltr'><strong>bella</strong></span> <span class='ocrx_word' id='word_1_33' title='bbox 1254 461 1506 508; x_wconf 80' lang='lat' dir='ltr'><strong>remittant.</strong></span> <span class='ocrx_word' id='word_1_34' title='bbox 1723 480 1816 525; x_wconf 80' lang='lat'><strong>390</strong></span> 
     </span>
     <span class='ocr_line' id='line_1_7' title="bbox 194 525 1537 587; baseline 0.001 -15"><span class='ocrx_word' id='word_1_35' title='bbox 194 528 392 587; x_wconf 90' lang='lat' dir='ltr'><strong>Iamque</strong></span> <span class='ocrx_word' id='word_1_36' title='bbox 428 526 593 572; x_wconf 89' lang='lat' dir='ltr'><strong>aderat</strong></span> <span class='ocrx_word' id='word_1_37' title='bbox 629 526 830 572; x_wconf 90' lang='lat' dir='ltr'><strong>Phoebo</strong></span> <span class='ocrx_word' id='word_1_38' title='bbox 867 534 977 571; x_wconf 92' lang='lat' dir='ltr'><strong>ante</strong></span> <span class='ocrx_word' id='word_1_39' title='bbox 1013 525 1133 572; x_wconf 88' lang='lat' dir='ltr'><strong>alios</strong></span> <span class='ocrx_word' id='word_1_40' title='bbox 1170 526 1372 573; x_wconf 92' lang='lat' dir='ltr'><strong>dilectus</strong></span> <span class='ocrx_word' id='word_1_41' title='bbox 1410 527 1537 587; x_wconf 89' lang='lat' dir='ltr'><strong>Iapis</strong></span> 
     </span>
    </p>

    <p class='ocr_par' dir='ltr' id='par_1_7' title="bbox 191 590 1323 651">
     <span class='ocr_line' id='line_1_8' title="bbox 191 590 1323 651; baseline 0 -13"><span class='ocrx_word' id='word_1_42' title='bbox 191 591 388 649; x_wconf 87' lang='lat' dir='ltr'><strong>Iasides,</strong></span> <span class='ocrx_word' id='word_1_43' title='bbox 425 590 521 637; x_wconf 91' lang='lat' dir='ltr'><strong>acri</strong></span> <span class='ocrx_word' id='word_1_44' title='bbox 557 591 804 651; x_wconf 90' lang='lat' dir='ltr'><strong>quondam</strong></span> <span class='ocrx_word' id='word_1_45' title='bbox 842 590 919 636; x_wconf 91' lang='lat' dir='ltr'><strong>cui</strong></span> <span class='ocrx_word' id='word_1_46' title='bbox 956 601 1123 651; x_wconf 86' lang='lat' dir='ltr'><strong>captus</strong></span> <span class='ocrx_word' id='word_1_47' title='bbox 1159 607 1323 638; x_wconf 90' lang='lat' dir='ltr'><strong>amore</strong></span> 
     </span>
    </p>

    <p class='ocr_par' dir='ltr' id='par_1_8' title="bbox 191 657 1395 718">
     <span class='ocr_line' id='line_1_9' title="bbox 191 657 1395 718; baseline -0.001 -14"><span class='ocrx_word' id='word_1_48' title='bbox 191 660 301 718; x_wconf 90' lang='lat' dir='ltr'><strong>Ipse</strong></span> <span class='ocrx_word' id='word_1_49' title='bbox 338 672 446 703; x_wconf 82' lang='lat' dir='ltr'><strong>suas</strong></span> <span class='ocrx_word' id='word_1_50' title='bbox 481 665 620 714; x_wconf 87' lang='lat' dir='ltr'><strong>artes,</strong></span> <span class='ocrx_word' id='word_1_51' title='bbox 659 672 744 702; x_wconf 86' lang='lat' dir='ltr'><strong>sua</strong></span> <span class='ocrx_word' id='word_1_52' title='bbox 778 672 991 712; x_wconf 90' lang='lat' dir='ltr'><strong>munera,</strong></span> <span class='ocrx_word' id='word_1_53' title='bbox 1031 657 1182 703; x_wconf 90' lang='lat' dir='ltr'><strong>laetus</strong></span> <span class='ocrx_word' id='word_1_54' title='bbox 1218 658 1395 717; x_wconf 81' lang='lat' dir='ltr'>Apollo</span> 
     </span>
    </p>

    <p class='ocr_par' dir='ltr' id='par_1_9' title="bbox 189 721 1551 783">
     <span class='ocr_line' id='line_1_10' title="bbox 189 721 1551 783; baseline 0.001 -15"><span class='ocrx_word' id='word_1_55' title='bbox 189 721 455 783; x_wconf 89' lang='lat' dir='ltr'><strong>Augurium</strong></span> <span class='ocrx_word' id='word_1_56' title='bbox 491 721 819 782; x_wconf 81' lang='lat' dir='ltr'><strong>citharamque</strong></span> <span class='ocrx_word' id='word_1_57' title='bbox 852 722 998 768; x_wconf 89' lang='lat' dir='ltr'><strong>dabat</strong></span> <span class='ocrx_word' id='word_1_58' title='bbox 1035 723 1310 782; x_wconf 88' lang='lat' dir='ltr'><strong>celeresque</strong></span> <span class='ocrx_word' id='word_1_59' title='bbox 1347 723 1551 782; x_wconf 74' lang='lat' dir='ltr'><strong>sagittas.</strong></span> 
     </span>
    </p>

    <p class='ocr_par' dir='ltr' id='par_1_10' title="bbox 188 786 1813 913">
     <span class='ocr_line' id='line_1_11' title="bbox 190 786 1813 850; baseline -0.001 -16"><span class='ocrx_word' id='word_1_60' title='bbox 190 789 292 845; x_wconf 83' lang='lat' dir='ltr'><strong>Ille,</strong></span> <span class='ocrx_word' id='word_1_61' title='bbox 329 796 382 834; x_wconf 94' lang='lat' dir='ltr'><strong>ut</strong></span> <span class='ocrx_word' id='word_1_62' title='bbox 417 786 623 848; x_wconf 88' lang='lat' dir='ltr'><strong>depositi</strong></span> <span class='ocrx_word' id='word_1_63' title='bbox 658 788 887 848; x_wconf 88' lang='lat' dir='ltr'><strong>proferret</strong></span> <span class='ocrx_word' id='word_1_64' title='bbox 921 788 1018 833; x_wconf 89' lang='lat' dir='ltr'><strong>fata</strong></span> <span class='ocrx_word' id='word_1_65' title='bbox 1053 788 1277 847; x_wconf 81' lang='lat' dir='ltr'><strong>parentis,</strong></span> <span class='ocrx_word' id='word_1_66' title='bbox 1724 804 1813 850; x_wconf 84' lang='lat'><strong>395</strong></span> 
     </span>
     <span class='ocr_line' id='line_1_12' title="bbox 188 852 1443 913; baseline -0.002 -13"><span class='ocrx_word' id='word_1_67' title='bbox 188 852 315 900; x_wconf 84' lang='lat' dir='ltr'><strong>Scire</strong></span> <span class='ocrx_word' id='word_1_68' title='bbox 351 861 616 913; x_wconf 82' lang='lat' dir='ltr'><strong>potestates</strong></span> <span class='ocrx_word' id='word_1_69' title='bbox 651 853 906 899; x_wconf 90' lang='lat' dir='ltr'><strong>herbarum</strong></span> <span class='ocrx_word' id='word_1_70' title='bbox 943 868 1180 913; x_wconf 87' lang='lat' dir='ltr'><strong>usumque</strong></span> <span class='ocrx_word' id='word_1_71' title='bbox 1218 853 1443 899; x_wconf 86' lang='lat' dir='ltr'><strong>medendi</strong></span> 
     </span>
    </p>

    <p class='ocr_par' dir='ltr' id='par_1_11' title="bbox 189 917 1286 979">
     <span class='ocr_line' id='line_1_13' title="bbox 189 917 1286 979; baseline -0.001 -14"><span class='ocrx_word' id='word_1_72' title='bbox 189 917 364 966; x_wconf 88' lang='lat' dir='ltr'><strong>Maluit</strong></span> <span class='ocrx_word' id='word_1_73' title='bbox 398 927 446 965; x_wconf 87' lang='lat' dir='ltr'><strong>et</strong></span> <span class='ocrx_word' id='word_1_74' title='bbox 481 928 636 965; x_wconf 90' lang='lat' dir='ltr'><strong>mutas</strong></span> <span class='ocrx_word' id='word_1_75' title='bbox 672 918 850 979; x_wconf 83' lang='lat' dir='ltr'><strong>agitare</strong></span> <span class='ocrx_word' id='word_1_76' title='bbox 886 918 1115 978; x_wconf 76' lang='lat' dir='ltr'><strong>inglorius</strong></span> <span class='ocrx_word' id='word_1_77' title='bbox 1151 927 1286 965; x_wconf 89' lang='lat' dir='ltr'><strong>artes.</strong></span> 
     </span>
    </p>

    <p class='ocr_par' dir='ltr' id='par_1_12' title="bbox 185 982 1576 1110">
     <span class='ocr_line' id='line_1_14' title="bbox 185 982 1576 1044; baseline -0.001 -12"><span class='ocrx_word' id='word_1_78' title='bbox 185 985 352 1032; x_wconf 85' lang='lat' dir='ltr'><strong>Stabat</strong></span> <span class='ocrx_word' id='word_1_79' title='bbox 385 984 559 1031; x_wconf 86' lang='lat' dir='ltr'><strong>acerba</strong></span> <span class='ocrx_word' id='word_1_80' title='bbox 592 985 813 1040; x_wconf 89' lang='lat' dir='ltr'><strong>fremens,</strong></span> <span class='ocrx_word' id='word_1_81' title='bbox 850 983 1094 1044; x_wconf 84' lang='lat' dir='ltr'><strong>ingentem</strong></span> <span class='ocrx_word' id='word_1_82' title='bbox 1132 983 1268 1029; x_wconf 80' lang='lat' dir='ltr'><strong>nixus</strong></span> <span class='ocrx_word' id='word_1_83' title='bbox 1303 982 1354 1030; x_wconf 92' lang='lat' dir='ltr'><strong>in</strong></span> <span class='ocrx_word' id='word_1_84' title='bbox 1390 984 1576 1030; x_wconf 89' lang='lat' dir='ltr'><strong>hastam</strong></span> 
     </span>
     <span class='ocr_line' id='line_1_15' title="bbox 189 1048 1367 1110; baseline -0.001 -14"><span class='ocrx_word' id='word_1_85' title='bbox 189 1052 390 1107; x_wconf 89' lang='lat' dir='ltr'><strong>Aeneas,</strong></span> <span class='ocrx_word' id='word_1_86' title='bbox 427 1065 603 1110; x_wconf 78' lang='lat' dir='ltr'><strong>magno</strong></span> <span class='ocrx_word' id='word_1_87' title='bbox 639 1048 862 1096; x_wconf 88' lang='lat' dir='ltr'><strong>iuvenum</strong></span> <span class='ocrx_word' id='word_1_88' title='bbox 901 1060 947 1096; x_wconf 91' lang='lat' dir='ltr'><strong>et</strong></span> <span class='ocrx_word' id='word_1_89' title='bbox 982 1050 1238 1096; x_wconf 90' lang='lat' dir='ltr'><strong>maerentis</strong></span> <span class='ocrx_word' id='word_1_90' title='bbox 1276 1049 1367 1095; x_wconf 89' lang='lat' dir='ltr'><strong>Iuli</strong></span> 
     </span>
    </p>

    <p class='ocr_par' dir='ltr' id='par_1_13' title="bbox 188 1113 1812 1235">
     <span class='ocr_line' id='line_1_16' title="bbox 188 1113 1812 1173; baseline -0.007 -10"><span class='ocrx_word' id='word_1_91' title='bbox 188 1117 452 1173; x_wconf 89' lang='lat' dir='ltr'><strong>Concursu,</strong></span> <span class='ocrx_word' id='word_1_92' title='bbox 487 1114 694 1161; x_wconf 87' lang='lat' dir='ltr'><strong>lacrimis</strong></span> <span class='ocrx_word' id='word_1_93' title='bbox 740 1113 996 1160; x_wconf 90' lang='lat' dir='ltr'><strong>inmobilis.</strong></span> <span class='ocrx_word' id='word_1_94' title='bbox 1073 1115 1160 1159; x_wconf 81' lang='lat' dir='ltr'><strong>llle</strong></span> <span class='ocrx_word' id='word_1_95' title='bbox 1196 1121 1373 1158; x_wconf 87' lang='lat' dir='ltr'><strong>retorto</strong></span> <span class='ocrx_word' id='word_1_96' title='bbox 1719 1122 1812 1164; x_wconf 90' lang='lat'><strong>400</strong></span> 
     </span>
     <span class='ocr_line' id='line_1_17' title="bbox 190 1179 1484 1235; baseline -0.003 -7"><span class='ocrx_word' id='word_1_97' title='bbox 190 1181 451 1228; x_wconf 88' lang='lat' dir='ltr'><strong>Paeonium</strong></span> <span class='ocrx_word' id='word_1_98' title='bbox 486 1180 534 1226; x_wconf 90' lang='lat' dir='ltr'><strong>in</strong></span> <span class='ocrx_word' id='word_1_99' title='bbox 571 1196 754 1227; x_wconf 91' lang='lat' dir='ltr'><strong>morem</strong></span> <span class='ocrx_word' id='word_1_100' title='bbox 791 1180 950 1227; x_wconf 87' lang='lat' dir='ltr'><strong>senior</strong></span> <span class='ocrx_word' id='word_1_101' title='bbox 985 1180 1258 1227; x_wconf 86' lang='lat' dir='ltr'><strong>succinctus</strong></span> <span class='ocrx_word' id='word_1_102' title='bbox 1294 1179 1484 1235; x_wconf 90' lang='lat' dir='ltr'><strong>amictu,</strong></span> 
     </span>
    </p>

    <p class='ocr_par' dir='ltr' id='par_1_14' title="bbox 186 1243 1575 1373">
     <span class='ocr_line' id='line_1_18' title="bbox 188 1243 1575 1306; baseline -0.003 -12"><span class='ocrx_word' id='word_1_103' title='bbox 188 1248 344 1294; x_wconf 91' lang='lat' dir='ltr'><strong>Multa</strong></span> <span class='ocrx_word' id='word_1_104' title='bbox 378 1262 522 1292; x_wconf 89' lang='lat' dir='ltr'><strong>manu</strong></span> <span class='ocrx_word' id='word_1_105' title='bbox 558 1246 749 1293; x_wconf 89' lang='lat' dir='ltr'><strong>medica</strong></span> <span class='ocrx_word' id='word_1_106' title='bbox 785 1246 1067 1306; x_wconf 88' lang='lat' dir='ltr'><strong>Phoebique</strong></span> <span class='ocrx_word' id='word_1_107' title='bbox 1103 1244 1381 1306; x_wconf 83' lang='lat' dir='ltr'><strong>potentibus</strong></span> <span class='ocrx_word' id='word_1_108' title='bbox 1417 1243 1575 1290; x_wconf 87' lang='lat' dir='ltr'><strong>herbis</strong></span> 
     </span>
     <span class='ocr_line' id='line_1_19' title="bbox 186 1311 1508 1373; baseline -0.003 -15"><span class='ocrx_word' id='word_1_109' title='bbox 186 1311 494 1373; x_wconf 89' lang='lat' dir='ltr'><strong>Nequiquam</strong></span> <span class='ocrx_word' id='word_1_110' title='bbox 531 1312 754 1372; x_wconf 84' lang='lat' dir='ltr'><strong>trepidat,</strong></span> <span class='ocrx_word' id='word_1_111' title='bbox 790 1313 1086 1372; x_wconf 88' lang='lat' dir='ltr'><strong>nequiquam</strong></span> <span class='ocrx_word' id='word_1_112' title='bbox 1124 1311 1309 1371; x_wconf 88' lang='lat' dir='ltr'><strong>spicula</strong></span> <span class='ocrx_word' id='word_1_113' title='bbox 1344 1311 1508 1356; x_wconf 83' lang='lat' dir='ltr'><strong>dextra</strong></span> 
     </span>
    </p>

    <p class='ocr_par' dir='ltr' id='par_1_15' title="bbox 185 1376 1365 1439">
     <span class='ocr_line' id='line_1_20' title="bbox 185 1376 1365 1439; baseline -0.003 -14"><span class='ocrx_word' id='word_1_114' title='bbox 185 1376 416 1426; x_wconf 90' lang='lat' dir='ltr'><strong>Sollicitat</strong></span> <span class='ocrx_word' id='word_1_115' title='bbox 450 1386 738 1439; x_wconf 79' lang='lat' dir='ltr'><strong>prensatque</strong></span> <span class='ocrx_word' id='word_1_116' title='bbox 773 1378 929 1424; x_wconf 88' lang='lat' dir='ltr'><strong>tenaci</strong></span> <span class='ocrx_word' id='word_1_117' title='bbox 965 1378 1144 1437; x_wconf 85' lang='lat' dir='ltr'><strong>forcipe</strong></span> <span class='ocrx_word' id='word_1_118' title='bbox 1179 1377 1365 1422; x_wconf 86' lang='lat' dir='ltr'><strong>ferrum.</strong></span> 
     </span>
    </p>

    <p class='ocr_par' dir='ltr' id='par_1_16' title="bbox 185 1442 1814 1897">
     <span class='ocr_line' id='line_1_21' title="bbox 187 1442 1811 1504; baseline -0.004 -14"><span class='ocrx_word' id='word_1_119' title='bbox 187 1445 332 1490; x_wconf 90' lang='lat' dir='ltr'><strong>Nulla</strong></span> <span class='ocrx_word' id='word_1_120' title='bbox 366 1443 492 1489; x_wconf 90' lang='lat' dir='ltr'><strong>viam</strong></span> <span class='ocrx_word' id='word_1_121' title='bbox 529 1445 740 1490; x_wconf 89' lang='lat' dir='ltr'><strong>Fortuna</strong></span> <span class='ocrx_word' id='word_1_122' title='bbox 774 1443 894 1504; x_wconf 78' lang='lat' dir='ltr'><strong>regit</strong></span> <span class='ocrx_word' id='word_1_123' title='bbox 905 1460 916 1500; x_wconf 84' lang='lat'>;</span> <span class='ocrx_word' id='word_1_124' title='bbox 953 1442 1069 1489; x_wconf 85' lang='lat' dir='ltr'><strong>nihil</strong></span> <span class='ocrx_word' id='word_1_125' title='bbox 1105 1451 1273 1488; x_wconf 91' lang='lat' dir='ltr'><strong>auctor</strong></span> <span class='ocrx_word' id='word_1_126' title='bbox 1307 1442 1486 1501; x_wconf 89' lang='lat' dir='ltr'><strong>Apollo</strong></span> <span class='ocrx_word' id='word_1_127' title='bbox 1722 1454 1811 1499; x_wconf 75' lang='lat'><strong>405</strong></span> 
     </span>
     <span class='ocr_line' id='line_1_22' title="bbox 185 1506 1612 1569; baseline -0.004 -13"><span class='ocrx_word' id='word_1_128' title='bbox 185 1508 439 1566; x_wconf 79' lang='lat' dir='ltr'><strong>Subvenit3</strong></span> <span class='ocrx_word' id='word_1_129' title='bbox 475 1518 521 1555; x_wconf 90' lang='lat' dir='ltr'><strong>et</strong></span> <span class='ocrx_word' id='word_1_130' title='bbox 556 1524 725 1555; x_wconf 86' lang='lat' dir='ltr'><strong>saevus</strong></span> <span class='ocrx_word' id='word_1_131' title='bbox 762 1508 942 1569; x_wconf 89' lang='lat' dir='ltr'><strong>campis</strong></span> <span class='ocrx_word' id='word_1_132' title='bbox 979 1507 1129 1568; x_wconf 87' lang='lat' dir='ltr'><strong>magis</strong></span> <span class='ocrx_word' id='word_1_133' title='bbox 1165 1522 1223 1553; x_wconf 86' lang='lat' dir='ltr'><strong>ac</strong></span> <span class='ocrx_word' id='word_1_134' title='bbox 1258 1506 1409 1566; x_wconf 83' lang='lat' dir='ltr'><strong>magis</strong></span> <span class='ocrx_word' id='word_1_135' title='bbox 1446 1508 1612 1552; x_wconf 89' lang='lat' dir='ltr'><strong>horror</strong></span> 
     </span>
     <span class='ocr_line' id='line_1_23' title="bbox 186 1573 1739 1635; baseline -0.005 -13"><span class='ocrx_word' id='word_1_136' title='bbox 186 1574 446 1631; x_wconf 89' lang='lat' dir='ltr'><strong>Crebescit‚</strong></span> <span class='ocrx_word' id='word_1_137' title='bbox 484 1573 778 1635; x_wconf 87' lang='lat' dir='ltr'><strong>propiusque</strong></span> <span class='ocrx_word' id='word_1_138' title='bbox 812 1575 990 1620; x_wconf 88' lang='lat' dir='ltr'><strong>malum</strong></span> <span class='ocrx_word' id='word_1_139' title='bbox 1029 1583 1111 1620; x_wconf 91' lang='lat' dir='ltr'><strong>est.</strong></span> <span class='ocrx_word' id='word_1_140' title='bbox 1185 1574 1290 1619; x_wconf 90' lang='lat' dir='ltr'><strong>Iam</strong></span> <span class='ocrx_word' id='word_1_141' title='bbox 1326 1573 1520 1633; x_wconf 91' lang='lat' dir='ltr'><strong>pulvere</strong></span> <span class='ocrx_word' id='word_1_142' title='bbox 1557 1573 1739 1617; x_wconf 85' lang='lat' dir='ltr'><strong>caelum</strong></span> 
     </span>
     <span class='ocr_line' id='line_1_24' title="bbox 185 1636 1612 1700; baseline -0.004 -13"><span class='ocrx_word' id='word_1_143' title='bbox 185 1641 317 1688; x_wconf 89' lang='lat' dir='ltr'><strong>Stare</strong></span> <span class='ocrx_word' id='word_1_144' title='bbox 352 1639 529 1696; x_wconf 89' lang='lat' dir='ltr'><strong>vident,</strong></span> <span class='ocrx_word' id='word_1_145' title='bbox 567 1640 871 1700; x_wconf 90' lang='lat' dir='ltr'><strong>subeuntque</strong></span> <span class='ocrx_word' id='word_1_146' title='bbox 909 1639 1109 1700; x_wconf 80' lang='lat' dir='ltr'><strong>equiteS,</strong></span> <span class='ocrx_word' id='word_1_147' title='bbox 1148 1647 1195 1685; x_wconf 92' lang='lat' dir='ltr'><strong>et</strong></span> <span class='ocrx_word' id='word_1_148' title='bbox 1230 1637 1414 1698; x_wconf 90' lang='lat' dir='ltr'><strong>spicula</strong></span> <span class='ocrx_word' id='word_1_149' title='bbox 1449 1636 1612 1683; x_wconf 90' lang='lat' dir='ltr'><strong>castris</strong></span> 
     </span>
     <span class='ocr_line' id='line_1_25' title="bbox 187 1704 1794 1753; baseline -0.002 0"><span class='ocrx_word' id='word_1_150' title='bbox 187 1707 352 1753; x_wconf 91' lang='lat' dir='ltr'><strong>Densa</strong></span> <span class='ocrx_word' id='word_1_151' title='bbox 385 1706 566 1752; x_wconf 89' lang='lat' dir='ltr'><strong>cadunt</strong></span> <span class='ocrx_word' id='word_1_152' title='bbox 599 1704 782 1752; x_wconf 90' lang='lat' dir='ltr'><strong>mediis.</strong></span> <span class='ocrx_word' id='word_1_153' title='bbox 855 1707 902 1752; x_wconf 93' lang='lat' dir='ltr'><strong>It</strong></span> <span class='ocrx_word' id='word_1_154' title='bbox 937 1705 1081 1752; x_wconf 88' lang='lat' dir='ltr'><strong>tristis</strong></span> <span class='ocrx_word' id='word_1_155' title='bbox 1117 1705 1179 1751; x_wconf 92' lang='lat' dir='ltr'><strong>ad</strong></span> <span class='ocrx_word' id='word_1_156' title='bbox 1215 1705 1408 1750; x_wconf 87' lang='lat' dir='ltr'><strong>aethera</strong></span> <span class='ocrx_word' id='word_1_157' title='bbox 1444 1704 1622 1748; x_wconf 83' lang='lat' dir='ltr'><strong>clamor</strong></span> <span class='ocrx_word' id='word_1_158' title='bbox 1789 1747 1794 1750; x_wconf 85' lang='lat'><strong>.</strong></span> 
     </span>
     <span class='ocr_line' id='line_1_26' title="bbox 187 1769 1814 1824; baseline -0.004 -7"><span class='ocrx_word' id='word_1_159' title='bbox 187 1773 456 1818; x_wconf 86' lang='lat' dir='ltr'><strong>Bellantum</strong></span> <span class='ocrx_word' id='word_1_160' title='bbox 491 1771 721 1817; x_wconf 89' lang='lat' dir='ltr'><strong>iuvenum</strong></span> <span class='ocrx_word' id='word_1_161' title='bbox 757 1780 805 1818; x_wconf 89' lang='lat' dir='ltr'><strong>et</strong></span> <span class='ocrx_word' id='word_1_162' title='bbox 840 1772 961 1817; x_wconf 90' lang='lat' dir='ltr'><strong>duro</strong></span> <span class='ocrx_word' id='word_1_163' title='bbox 999 1771 1087 1817; x_wconf 91' lang='lat' dir='ltr'><strong>sub</strong></span> <span class='ocrx_word' id='word_1_164' title='bbox 1126 1772 1283 1816; x_wconf 87' lang='lat' dir='ltr'><strong>Marte</strong></span> <span class='ocrx_word' id='word_1_165' title='bbox 1320 1769 1593 1814; x_wconf 86' lang='lat' dir='ltr'><strong>cadentum.</strong></span> <span class='ocrx_word' id='word_1_166' title='bbox 1722 1782 1814 1824; x_wconf 83' lang='lat'><strong>410</strong></span> 
     </span>
     <span class='ocr_line' id='line_1_27' title="bbox 187 1836 1362 1897; baseline -0.003 -14"><span class='ocrx_word' id='word_1_167' title='bbox 187 1837 286 1883; x_wconf 87' lang='lat' dir='ltr'><strong>Hic</strong></span> <span class='ocrx_word' id='word_1_168' title='bbox 319 1839 499 1894; x_wconf 88' lang='lat' dir='ltr'><strong>Venus,</strong></span> <span class='ocrx_word' id='word_1_169' title='bbox 537 1836 738 1897; x_wconf 83' lang='lat' dir='ltr'><strong>indigno</strong></span> <span class='ocrx_word' id='word_1_170' title='bbox 775 1836 873 1882; x_wconf 90' lang='lat' dir='ltr'><strong>nati</strong></span> <span class='ocrx_word' id='word_1_171' title='bbox 909 1852 1146 1883; x_wconf 85' lang='lat' dir='ltr'><strong>concussa</strong></span> <span class='ocrx_word' id='word_1_172' title='bbox 1182 1836 1362 1890; x_wconf 87' lang='lat' dir='ltr'><strong>dolore,</strong></span> 
     </span>
    </p>

    <p class='ocr_par' dir='ltr' id='par_1_17' title="bbox 188 1901 1412 1963">
     <span class='ocr_line' id='line_1_28' title="bbox 188 1901 1412 1963; baseline -0.005 -13"><span class='ocrx_word' id='word_1_173' title='bbox 188 1902 498 1950; x_wconf 89' lang='lat' dir='ltr'><strong>Dictamnum</strong></span> <span class='ocrx_word' id='word_1_174' title='bbox 534 1902 746 1963; x_wconf 72' lang='lat' dir='ltr'><strong>genetrix</strong></span> <span class='ocrx_word' id='word_1_175' title='bbox 783 1904 989 1950; x_wconf 84' lang='lat' dir='ltr'><strong>Cretaea</strong></span> <span class='ocrx_word' id='word_1_176' title='bbox 1024 1901 1174 1961; x_wconf 89' lang='lat' dir='ltr'><strong>carpit</strong></span> <span class='ocrx_word' id='word_1_177' title='bbox 1209 1902 1271 1947; x_wconf 93' lang='lat' dir='ltr'><strong>ab</strong></span> <span class='ocrx_word' id='word_1_178' title='bbox 1310 1901 1412 1957; x_wconf 86' lang='lat' dir='ltr'><strong>Ida,</strong></span> 
     </span>
    </p>

    <p class='ocr_par' dir='ltr' id='par_1_18' title="bbox 187 1967 1381 2015">
     <span class='ocr_line' id='line_1_29' title="bbox 187 1967 1381 2015; baseline -0.003 -1"><span class='ocrx_word' id='word_1_179' title='bbox 187 1968 454 2015; x_wconf 89' lang='lat' dir='ltr'><strong>Puberibus</strong></span> <span class='ocrx_word' id='word_1_180' title='bbox 489 1969 678 2014; x_wconf 90' lang='lat' dir='ltr'><strong>caulem</strong></span> <span class='ocrx_word' id='word_1_181' title='bbox 713 1967 837 2014; x_wconf 88' lang='lat' dir='ltr'><strong>foliis</strong></span> <span class='ocrx_word' id='word_1_182' title='bbox 873 1976 922 2015; x_wconf 93' lang='lat' dir='ltr'><strong>et</strong></span> <span class='ocrx_word' id='word_1_183' title='bbox 956 1968 1072 2014; x_wconf 87' lang='lat' dir='ltr'><strong>flore</strong></span> <span class='ocrx_word' id='word_1_184' title='bbox 1108 1976 1381 2014; x_wconf 88' lang='lat' dir='ltr'><strong>comantem</strong></span> 
     </span>
    </p>

    <p class='ocr_par' dir='ltr' id='par_1_19' title="bbox 189 2032 1321 2094">
     <span class='ocr_line' id='line_1_30' title="bbox 189 2032 1321 2094; baseline -0.004 -14"><span class='ocrx_word' id='word_1_185' title='bbox 189 2035 430 2094; x_wconf 87' lang='lat' dir='ltr'><strong>Purpureo</strong></span> <span class='ocrx_word' id='word_1_186' title='bbox 441 2050 453 2091; x_wconf 80' lang='lat'>3</span> <span class='ocrx_word' id='word_1_187' title='bbox 490 2049 590 2080; x_wconf 91' lang='lat' dir='ltr'><strong>non</strong></span> <span class='ocrx_word' id='word_1_188' title='bbox 625 2033 706 2079; x_wconf 91' lang='lat' dir='ltr'><strong>illa</strong></span> <span class='ocrx_word' id='word_1_189' title='bbox 741 2033 851 2080; x_wconf 87' lang='lat' dir='ltr'><strong>feris</strong></span> <span class='ocrx_word' id='word_1_190' title='bbox 886 2032 1133 2094; x_wconf 84' lang='lat' dir='ltr'><strong>incognita</strong></span> <span class='ocrx_word' id='word_1_191' title='bbox 1168 2032 1321 2092; x_wconf 88' lang='lat' dir='ltr'><strong>capris</strong></span> 
     </span>
    </p>

    <p class='ocr_par' dir='ltr' id='par_1_20' title="bbox 187 2096 1808 2221">
     <span class='ocr_line' id='line_1_31' title="bbox 187 2096 1808 2159; baseline -0.005 -12"><span class='ocrx_word' id='word_1_192' title='bbox 187 2101 427 2156; x_wconf 91' lang='lat' dir='ltr'><strong>Gramina,</strong></span> <span class='ocrx_word' id='word_1_193' title='bbox 466 2114 574 2144; x_wconf 89' lang='lat' dir='ltr'><strong>cum</strong></span> <span class='ocrx_word' id='word_1_194' title='bbox 613 2107 744 2159; x_wconf 80' lang='lat' dir='ltr'><strong>tergo</strong></span> <span class='ocrx_word' id='word_1_195' title='bbox 780 2100 996 2145; x_wconf 77' lang='lat' dir='ltr'><strong>volucres</strong></span> <span class='ocrx_word' id='word_1_196' title='bbox 1034 2099 1228 2144; x_wconf 90' lang='lat' dir='ltr'><strong>haesere</strong></span> <span class='ocrx_word' id='word_1_197' title='bbox 1264 2096 1476 2158; x_wconf 76' lang='lat' dir='ltr'><strong>sagittae.</strong></span> <span class='ocrx_word' id='word_1_198' title='bbox 1717 2107 1808 2154; x_wconf 86' lang='lat'><strong>415</strong></span> 
     </span>
     <span class='ocr_line' id='line_1_32' title="bbox 188 2163 1518 2221; baseline -0.005 -8"><span class='ocrx_word' id='word_1_199' title='bbox 188 2167 303 2212; x_wconf 90' lang='lat' dir='ltr'><strong>Hoc</strong></span> <span class='ocrx_word' id='word_1_200' title='bbox 337 2166 517 2221; x_wconf 88' lang='lat' dir='ltr'><strong>Venus,</strong></span> <span class='ocrx_word' id='word_1_201' title='bbox 557 2165 764 2210; x_wconf 91' lang='lat' dir='ltr'><strong>obscuro</strong></span> <span class='ocrx_word' id='word_1_202' title='bbox 800 2163 971 2211; x_wconf 83' lang='lat' dir='ltr'><strong>faciem</strong></span> <span class='ocrx_word' id='word_1_203' title='bbox 1007 2163 1301 2210; x_wconf 89' lang='lat' dir='ltr'><strong>circumdata</strong></span> <span class='ocrx_word' id='word_1_204' title='bbox 1336 2163 1518 2217; x_wconf 88' lang='lat' dir='ltr'><strong>nimbo,</strong></span> 
     </span>
    </p>

    <p class='ocr_par' dir='ltr' id='par_1_21' title="bbox 188 2228 1519 2290">
     <span class='ocr_line' id='line_1_33' title="bbox 188 2228 1519 2290; baseline -0.005 -12"><span class='ocrx_word' id='word_1_205' title='bbox 188 2230 394 2287; x_wconf 80' lang='lat' dir='ltr'><strong>Detulit3</strong></span> <span class='ocrx_word' id='word_1_206' title='bbox 429 2232 522 2276; x_wconf 91' lang='lat' dir='ltr'><strong>hoc</strong></span> <span class='ocrx_word' id='word_1_207' title='bbox 557 2231 713 2276; x_wconf 89' lang='lat' dir='ltr'><strong>fusum</strong></span> <span class='ocrx_word' id='word_1_208' title='bbox 751 2230 893 2276; x_wconf 86' lang='lat' dir='ltr'><strong>labris</strong></span> <span class='ocrx_word' id='word_1_209' title='bbox 929 2228 1293 2290; x_wconf 84' lang='lat' dir='ltr'><strong>splendentibus</strong></span> <span class='ocrx_word' id='word_1_210' title='bbox 1329 2241 1519 2273; x_wconf 86' lang='lat' dir='ltr'><strong>amnem</strong></span> 
     </span>
    </p>

    <p class='ocr_par' dir='ltr' id='par_1_22' title="bbox 191 2293 1442 2355">
     <span class='ocr_line' id='line_1_34' title="bbox 191 2293 1442 2355; baseline -0.005 -13"><span class='ocrx_word' id='word_1_211' title='bbox 191 2297 361 2354; x_wconf 73' lang='lat' dir='ltr'><strong>inficit,</strong></span> <span class='ocrx_word' id='word_1_212' title='bbox 398 2297 587 2343; x_wconf 89' lang='lat' dir='ltr'><strong>occulte</strong></span> <span class='ocrx_word' id='word_1_213' title='bbox 622 2296 880 2352; x_wconf 84' lang='lat' dir='ltr'><strong>medicans,</strong></span> <span class='ocrx_word' id='word_1_214' title='bbox 921 2295 1193 2355; x_wconf 75' lang='lat' dir='ltr'><strong>spargitque</strong></span> <span class='ocrx_word' id='word_1_215' title='bbox 1232 2293 1442 2339; x_wconf 86' lang='lat' dir='ltr'><strong>salubres</strong></span> 
     </span>
    </p>

    <p class='ocr_par' dir='ltr' id='par_1_23' title="bbox 184 2361 1362 2429">
     <span class='ocr_line' id='line_1_35' title="bbox 184 2361 1362 2429; baseline -0.003 -21"><span class='ocrx_word' id='word_1_216' title='bbox 184 2361 467 2408; x_wconf 87' lang='lat' dir='ltr'><strong>Ambrosiae</strong></span> <span class='ocrx_word' id='word_1_217' title='bbox 504 2376 646 2408; x_wconf 87' lang='lat' dir='ltr'><strong>sucos</strong></span> <span class='ocrx_word' id='word_1_218' title='bbox 681 2371 728 2407; x_wconf 90' lang='lat' dir='ltr'><strong>et</strong></span> <span class='ocrx_word' id='word_1_219' title='bbox 763 2361 1050 2408; x_wconf 88' lang='lat' dir='ltr'><strong>odoriferam</strong></span> <span class='ocrx_word' id='word_1_220' title='bbox 1088 2373 1362 2429; x_wconf 79' lang='lat' dir='ltr'><strong>panaceam.</strong></span> 
     </span>
    </p>

    <p class='ocr_par' dir='ltr' id='par_1_24' title="bbox 188 2422 1810 2550">
     <span class='ocr_line' id='line_1_36' title="bbox 188 2422 1810 2485; baseline -0.007 -11"><span class='ocrx_word' id='word_1_221' title='bbox 188 2427 328 2475; x_wconf 90' lang='lat' dir='ltr'><strong>Fovit</strong></span> <span class='ocrx_word' id='word_1_222' title='bbox 362 2442 420 2473; x_wconf 88' lang='lat' dir='ltr'><strong>ea</strong></span> <span class='ocrx_word' id='word_1_223' title='bbox 453 2428 625 2473; x_wconf 89' lang='lat' dir='ltr'><strong>volnus</strong></span> <span class='ocrx_word' id='word_1_224' title='bbox 660 2427 856 2485; x_wconf 77' lang='lat' dir='ltr'><strong>lympha</strong></span> <span class='ocrx_word' id='word_1_225' title='bbox 891 2427 1150 2484; x_wconf 82' lang='lat' dir='ltr'><strong>longaevus</strong></span> <span class='ocrx_word' id='word_1_226' title='bbox 1191 2422 1319 2483; x_wconf 85' lang='lat' dir='ltr'><strong>Iapis</strong></span> <span class='ocrx_word' id='word_1_227' title='bbox 1717 2433 1810 2474; x_wconf 79' lang='lat'><strong>420</strong></span> 
     </span>
     <span class='ocr_line' id='line_1_37' title="bbox 189 2486 1406 2550; baseline -0.005 -13"><span class='ocrx_word' id='word_1_228' title='bbox 189 2494 434 2550; x_wconf 88' lang='lat' dir='ltr'><strong>Ignorans,</strong></span> <span class='ocrx_word' id='word_1_229' title='bbox 473 2491 729 2550; x_wconf 89' lang='lat' dir='ltr'><strong>subitoque</strong></span> <span class='ocrx_word' id='word_1_230' title='bbox 766 2489 922 2536; x_wconf 89' lang='lat' dir='ltr'><strong>omnis</strong></span> <span class='ocrx_word' id='word_1_231' title='bbox 957 2491 1018 2535; x_wconf 92' lang='lat' dir='ltr'><strong>de</strong></span> <span class='ocrx_word' id='word_1_232' title='bbox 1054 2503 1252 2547; x_wconf 87' lang='lat' dir='ltr'><strong>corpore</strong></span> <span class='ocrx_word' id='word_1_233' title='bbox 1288 2486 1406 2546; x_wconf 85' lang='lat' dir='ltr'><strong>fugit</strong></span> 
     </span>
    </p>

    <p class='ocr_par' dir='ltr' id='par_1_25' title="bbox 189 2548 1526 2616">
     <span class='ocr_line' id='line_1_38' title="bbox 189 2548 1526 2616; baseline -0.004 -14"><span class='ocrx_word' id='word_1_234' title='bbox 189 2555 380 2616; x_wconf 89' lang='lat' dir='ltr'><strong>Quippe</strong></span> <span class='ocrx_word' id='word_1_235' title='bbox 415 2556 565 2611; x_wconf 93' lang='lat' dir='ltr'><strong>dolor,</strong></span> <span class='ocrx_word' id='word_1_236' title='bbox 604 2554 760 2601; x_wconf 90' lang='lat' dir='ltr'><strong>omnis</strong></span> <span class='ocrx_word' id='word_1_237' title='bbox 796 2553 924 2600; x_wconf 86' lang='lat' dir='ltr'><strong>stetit</strong></span> <span class='ocrx_word' id='word_1_238' title='bbox 961 2555 1058 2599; x_wconf 89' lang='lat' dir='ltr'><strong>imo</strong></span> <span class='ocrx_word' id='word_1_239' title='bbox 1094 2555 1287 2599; x_wconf 88' lang='lat' dir='ltr'><strong>volnere</strong></span> <span class='ocrx_word' id='word_1_240' title='bbox 1324 2548 1526 2609; x_wconf 79' lang='lat' dir='ltr'><strong>sanguis.</strong></span> 
     </span>
    </p>

    <p class='ocr_par' dir='ltr' id='par_1_26' title="bbox 192 2616 1463 2680">
     <span class='ocr_line' id='line_1_39' title="bbox 192 2616 1463 2680; baseline -0.006 -14"><span class='ocrx_word' id='word_1_241' title='bbox 192 2623 391 2680; x_wconf 89' lang='lat' dir='ltr'><strong>Iamque</strong></span> <span class='ocrx_word' id='word_1_242' title='bbox 426 2629 588 2665; x_wconf 86' lang='lat' dir='ltr'><strong>secuta</strong></span> <span class='ocrx_word' id='word_1_243' title='bbox 623 2635 832 2675; x_wconf 88' lang='lat' dir='ltr'><strong>manum,</strong></span> <span class='ocrx_word' id='word_1_244' title='bbox 871 2620 1003 2664; x_wconf 92' lang='lat' dir='ltr'><strong>nullo</strong></span> <span class='ocrx_word' id='word_1_245' title='bbox 1039 2627 1254 2676; x_wconf 82' lang='lat' dir='ltr'><strong>cogente,</strong></span> <span class='ocrx_word' id='word_1_246' title='bbox 1293 2616 1463 2674; x_wconf 83' lang='lat' dir='ltr'><strong>sagitta</strong></span> 
     </span>
    </p>

    <p class='ocr_par' dir='ltr' id='par_1_27' title="bbox 190 2679 1466 2755">
     <span class='ocr_line' id='line_1_40' title="bbox 190 2679 1466 2755; baseline -0.006 -24"><span class='ocrx_word' id='word_1_247' title='bbox 190 2684 394 2740; x_wconf 87' lang='lat' dir='ltr'><strong>Excidit,</strong></span> <span class='ocrx_word' id='word_1_248' title='bbox 431 2694 575 2755; x_wconf 85' lang='lat' dir='ltr'><strong>atque</strong></span> <span class='ocrx_word' id='word_1_249' title='bbox 611 2698 765 2730; x_wconf 85' lang='lat' dir='ltr'><strong>novae</strong></span> <span class='ocrx_word' id='word_1_250' title='bbox 800 2683 982 2730; x_wconf 89' lang='lat' dir='ltr'><strong>rediere</strong></span> <span class='ocrx_word' id='word_1_251' title='bbox 1018 2682 1067 2727; x_wconf 92' lang='lat' dir='ltr'><strong>in</strong></span> <span class='ocrx_word' id='word_1_252' title='bbox 1102 2680 1300 2741; x_wconf 88' lang='lat' dir='ltr'><strong>pristina</strong></span> <span class='ocrx_word' id='word_1_253' title='bbox 1334 2679 1466 2725; x_wconf 79' lang='lat' dir='ltr'><strong>vires,</strong></span> 
     </span>
    </p>

    <p class='ocr_par' dir='ltr' id='par_1_28' title="bbox 191 2743 1809 2808">
     <span class='ocr_line' id='line_1_41' title="bbox 191 2743 1809 2808; baseline -0.006 -13"><span class='ocrx_word' id='word_1_254' title='bbox 191 2753 365 2795; x_wconf 86' lang='lat' dir='ltr'><strong>‘Arma</strong></span> <span class='ocrx_word' id='word_1_255' title='bbox 399 2748 480 2795; x_wconf 91' lang='lat' dir='ltr'><strong>citi</strong></span> <span class='ocrx_word' id='word_1_256' title='bbox 516 2757 765 2808; x_wconf 88' lang='lat' dir='ltr'><strong>properate</strong></span> <span class='ocrx_word' id='word_1_257' title='bbox 799 2748 921 2794; x_wconf 82' lang='lat' dir='ltr'><strong>viro!</strong></span> <span class='ocrx_word' id='word_1_258' title='bbox 958 2746 1076 2807; x_wconf 90' lang='lat' dir='ltr'><strong>quid</strong></span> <span class='ocrx_word' id='word_1_259' title='bbox 1111 2743 1472 2803; x_wconf 81' lang='lat' dir='ltr'><strong>statis?’1apis</strong></span> <span class='ocrx_word' id='word_1_260' title='bbox 1718 2755 1809 2800; x_wconf 77' lang='lat'><strong>425</strong></span> 
     </span>
    </p>
   </div>
  </div>
 </body>
</html>
