1994 3055
704 109 1097 157 AENEIDOS
1141 111 1281 156 LIB.
1322 112 1444 156 XJJ.
1832 125 1888 171 35

247 212 461 272 Moenia,
495 212 676 275 quique
712 212 837 262 imos
870 214 1132 275 pulsabant
1167 213 1317 262 ariete
1354 231 1531 273 muros,

244 282 491 341 Armaque
528 281 798 353 deposuere
835 280 1062 327 humeris.
1135 281 1307 342 Stupet
1343 282 1448 342 ipse
1489 282 1687 330 Latinus

247 348 493 408 Ingentes,
531 346 724 418 genitos
762 346 962 394 diversis
998 345 1214 407 partibus
1251 346 1394 406 orbis,

248 415 379 460 Inter
414 428 464 459 se
501 429 677 460 consse
716 411 840 460 viros
877 421 925 459 et
962 428 1160 460 cernere
1196 414 1335 460 ferro.

243 480 406 540 Atque
440 478 521 537 illi,
561 488 612 525 ut
646 495 803 526 vacuo
838 487 1099 540 patuerunt
1134 495 1346 540 aequore
1383 480 1557 542 campi,
1802 495 1893 541 710

244 547 481 592 Procursu
517 545 704 606 rapido,
741 545 975 593 coniectis
1012 544 1202 591 eminus
1239 545 1404 603 hastis,

245 612 491 659 Invadunt
529 614 738 659 Martem
776 611 947 672 clipeis
983 620 1129 672 atque
1166 626 1276 659 aere
1313 628 1506 660 sonoro.

246 680 344 725 Dat
377 677 612 739 gemitum
647 680 812 725 tellus:
848 686 948 724 tum
989 679 1183 724 crebros
1221 678 1418 725 ensibus
1456 680 1578 725 ictus

244 743 629 806 Congeminant;
664 745 759 790 fors
797 753 844 791 et
879 744 1026 790 virtus
1065 743 1326 790 miscentur
1362 743 1409 790 in
1449 761 1609 793 unum.

246 813 317 857 Ac
353 812 485 858 velut
520 810 705 872 ingenti
743 810 838 858 Sila
875 826 1129 858 summove
1165 812 1401 857 Taburno
1802 827 1889 873 715

246 878 370 925 Cum
412 877 511 924 duo
548 876 794 924 conversis
832 876 1027 923 inimica
1063 876 1111 922 in
1147 876 1333 937 proelia
1369 876 1493 923 tauri

248 942 507 990 Frontibus
543 942 795 989 incurrunt
806 960 818 1001 3
855 942 1016 1004 pavidi
1053 959 1241 990 cessere
1278 943 1492 1003 magistri
1504 960 1516 1001 ;

243 1010 344 1057 Stat
379 1025 530 1071 pecus
566 1025 712 1057 omne
749 1022 881 1056 metu
919 1020 1119 1067 mutum,
1160 1019 1475 1070 mussantque
1511 1010 1757 1066 iuvencae,

245 1075 366 1136 Quis
402 1076 588 1123 nemori
625 1076 879 1137 imperitet,
920 1092 1064 1136 quem
1103 1086 1206 1123 tota
1243 1088 1459 1123 armenta
1497 1089 1784 1138 sequantur,

246 1142 322 1189 Illi
358 1143 484 1190 inter
518 1158 625 1190 sese
662 1145 814 1190 multa
848 1142 895 1189 vi
930 1145 1129 1190 volnera
1165 1142 1384 1200 miscent,
1801 1158 1893 1202 720

243 1210 540 1271 Cornuaque
577 1209 744 1256 obnixi
780 1208 1001 1270 infigunt,
1043 1220 1088 1256 et
1127 1209 1359 1270 sanguine
1398 1211 1529 1270 largo

245 1277 385 1324 Colla
421 1291 679 1336 armosque
715 1277 878 1322 lavant
888 1294 901 1335 ,·
936 1276 1118 1338 gemitu
1157 1292 1327 1322 nemus
1365 1291 1510 1322 omne
1546 1276 1780 1338 remugit:

243 1344 359 1390 Non
396 1343 534 1390 aliter
568 1345 692 1389 Tros
727 1345 921 1389 Aeneas
959 1352 1006 1388 et
1045 1342 1270 1388 Daunius
1307 1343 1450 1389 heros

244 1410 552 1457 Concurrunt
586 1408 754 1470 clipeis
766 1428 778 1468 3
813 1407 983 1469 ingens
1020 1409 1177 1469 fragor
1213 1409 1408 1455 aethera
1444 1409 1653 1471 conplet.

246 1475 467 1537 Iuppiter
499 1475 603 1537 ipse
639 1476 760 1522 duas
796 1484 1007 1536 aequato
1045 1475 1265 1521 examine
1304 1476 1468 1521 lances
1798 1491 1888 1535 725

244 1542 472 1598 Sustinet,
511 1551 559 1589 et
593 1543 693 1589 fata
727 1541 917 1602 inponit
955 1542 1143 1588 diversa
1180 1542 1400 1597 duorum,

244 1610 404 1669 Quem
442 1609 642 1655 damnet
677 1610 827 1667 labor,
868 1618 914 1654 et
952 1624 1049 1668 quo
1086 1620 1247 1668 vergat
1285 1608 1502 1667 pondere
1539 1609 1701 1655 letum.

248 1674 435 1722 Emicat
470 1674 563 1732 hic,
602 1675 781 1735 inpune
818 1685 1008 1735 putam,
1048 1685 1095 1720 et
1131 1690 1332 1734 corpore
1371 1684 1474 1720 toto

244 1743 355 1789 Alte
391 1742 634 1789 sublatum
673 1751 920 1801 consurgit
957 1743 1151 1787 Turnus
1191 1740 1235 1786 in
1277 1756 1456 1795 ensem,

247 1810 306 1854 Et
342 1806 460 1855 ferit.
537 1809 825 1854 Exclamant
863 1810 1016 1854 Troes
1054 1806 1326 1868 trepidique
1364 1806 1540 1864 Latini,
1801 1820 1893 1866 730

244 1877 572 1935 Arrectaeque
608 1876 863 1921 amborum
901 1873 1041 1921 acies.
1116 1876 1180 1920 At
1216 1874 1429 1934 perfidus
1468 1873 1594 1919 ensis

245 1941 509 2002 Frangitur,
549 1940 596 1986 in
634 1941 898 2001 medioque
935 1941 1188 1987 ardentem
1226 1939 1406 1987 deserit
1443 1939 1553 1997 ictu,

245 2007 310 2054 Ni
346 2009 456 2069 fuga
493 2005 711 2055 subsidio
749 2009 881 2054 sube
873 2018 933 2054 it.
1009 2006 1150 2067 Fugit
1187 2007 1322 2053 ocior
1360 2008 1504 2061 Euro,

247 2075 314 2122 Ut
351 2075 577 2135 capulum
613 2072 833 2133 ignotum
872 2074 1188 2134 dextramque
1224 2072 1409 2133 aspexit
1446 2073 1690 2118 inermem.

251 2142 399 2187 Fama
434 2150 518 2196 est,
556 2139 885 2200 praecipitem,
925 2156 1034 2186 cum
1073 2139 1227 2200 prima
1262 2139 1312 2184 in
1350 2139 1531 2199 proelia
1569 2138 1759 2185 iunctos
1799 2151 1888 2196 735

246 2207 626 2255 Conscendebat
663 2222 831 2267 equos,
869 2205 1025 2267 patrio
1063 2222 1295 2253 mucrone
1332 2206 1515 2262 relicto,

246 2275 378 2320 Dum
413 2272 637 2334 trepidat,
675 2273 849 2319 ferrum
887 2272 1082 2333 aurigae
1118 2271 1333 2333 rapuisse
1375 2271 1570 2318 MetisCi
1583 2289 1596 2329 3

247 2340 405 2400 quue
441 2339 537 2396 diu,
577 2340 694 2386 dum
730 2348 864 2400 terga
900 2340 1082 2386 dabant
1119 2338 1331 2399 palantia
1367 2338 1559 2394 Teucri,

246 2405 465 2463 Suffecit3
500 2415 761 2466 postquam
799 2421 931 2452 arma
967 2404 1047 2453 dei
1084 2406 1147 2452 ad
1183 2404 1424 2451 Volcania
1458 2412 1658 2450 ventum
1697 2411 1780 2457 est,

249 2471 468 2519 Mortalis
504 2488 685 2530 mucro,
723 2471 901 2533 glacies
939 2488 1026 2519 ceu
1064 2471 1225 2528 futilis,
1263 2469 1360 2518 ictu
1798 2483 1890 2526 740

251 2537 490 2585 Dissiluit:
526 2539 660 2585 fulva
694 2538 1006 2599 resplendent
1042 2537 1277 2599 fragmina
1307 2539 1496 2583 harena

250 2606 375 2665 Ergo
410 2619 578 2651 amens
614 2605 801 2652 diversa
837 2606 949 2666 fuga
983 2604 1104 2665 petit
1139 2619 1350 2665 aequora
1385 2605 1594 2660 Turnus,

249 2672 311 2717 Et
346 2686 480 2716 nunc
515 2671 624 2727 huc,
663 2670 778 2718 inde
815 2672 911 2718 huc
946 2670 1156 2718 incertos
1182 2668 1395 2731 implicat
1432 2670 1571 2715 orbes
1589 2689 1600 2727 3

250 2735 482 2799 Undique
519 2735 650 2784 enim
687 2737 865 2785 Teucri
902 2738 1053 2785 densa
1089 2736 1326 2783 inclusere
1363 2749 1559 2790 corona,

247 2804 412 2863 Atque
447 2801 562 2848 hinc
597 2812 735 2850 vasta
769 2803 922 2862 palus,
961 2802 1074 2848 hinc
1111 2803 1261 2848 ardua
1297 2801 1489 2847 moenia
1525 2800 1734 2859 cingunt.
1799 2812 1884 2857 745

1622 2896 1746 2940 3—2
