1994 3055
133 128 192 173 32
555 112 613 156 P.
666 111 982 158 VERGILI
1018 112 1367 160 MARONJS

135 215 285 260 Arma
319 216 476 263 ferunt
511 214 590 261 alii
626 223 674 262 et
708 224 917 277 pergunt
953 217 1216 263 defendere
1252 233 1442 267 muros:

135 281 354 328 Inclusas
389 290 442 329 ut
477 297 589 328 cum
624 283 870 329 latebroso
905 281 956 328 in
990 282 1184 343 pumice
1220 292 1386 344 pastor

133 346 401 408 Vestigavit
436 363 566 408 apes,
604 348 839 408 fumoque
874 347 1076 408 inplevit
1111 365 1276 396 amaro
1287 366 1300 407 ;

136 413 256 460 Illae
292 413 420 460 intus
457 412 675 474 trepidae
711 429 872 460 rerum
908 431 994 475 per
1029 430 1169 461 cerea
1205 424 1362 461 castra

135 478 436 537 Discurrunt,
476 478 764 540 magnisque
799 489 984 526 acuunt
1019 480 1304 528 stridoribus
1341 481 1434 528 iras
1446 500 1459 541 3

133 544 356 592 Volvitur
391 555 493 593 ater
529 547 652 593 odor
686 545 828 593 tectis
838 565 851 607 ,-
888 555 992 593 tum
1028 563 1274 594 murmure
1310 563 1461 596 caeco

135 612 274 658 Intus
310 628 426 658 saxa
461 621 638 659 sonant
647 629 661 671 ;
696 628 875 659 vacuas
911 612 947 660 it
982 614 1144 660 fumus
1179 614 1244 660 ad
1279 629 1433 662 auras.

198 677 393 724 Accidit
427 679 550 725 haec
584 677 721 725 fessis
759 679 905 726 etiam
940 680 1137 726 fortuna
1173 679 1373 737 Latinis,

132 744 272 804 Quae
308 752 461 791 totam
497 746 631 791 luctu
668 745 916 793 concussit
950 747 1168 792 funditus
1204 747 1389 794 urbem.

132 809 323 871 Regina
357 820 411 858 ut
446 811 585 858 tectis
620 811 900 859 venientem
934 811 1169 874 prospicit
1203 814 1412 870 hostem,

133 876 321 923 Incessi
357 893 536 936 muros,
574 878 711 938 ignes
747 879 811 926 ad
848 887 979 925 tecta
1013 879 1191 936 volare,

131 944 388 1003 Nusquam
423 942 552 991 acies
589 954 760 991 contra
796 946 1019 1001 Rutulas,
1059 946 1193 991 nulla
1228 945 1422 1006 agmina
1458 946 1635 993 Turni:

131 1009 309 1056 Infelix
344 1026 539 1072 pugnae
574 1010 801 1058 iuvenem
838 1010 886 1057 in
925 1011 1190 1058 certamine
1227 1012 1379 1058 credit

129 1076 449 1134 Exstinctum‚
489 1086 549 1135 et,
591 1077 751 1124 subito
782 1087 1004 1127 mentem
1041 1079 1232 1124 turbata
1268 1079 1451 1136 dolore,

135 1144 196 1191 Se
232 1159 428 1190 causam
468 1143 646 1189 clamat
684 1144 965 1202 crimenque
1002 1149 1247 1200 caputque
1284 1143 1536 1195 malorum,

131 1205 390 1264 Multaque
427 1219 511 1264 per
548 1212 787 1249 maestum
825 1203 1028 1249 demens
1065 1203 1208 1248 effata
1242 1203 1467 1260 furorem,

132 1271 406 1330 Purpureos
443 1268 675 1316 moritura
710 1284 860 1314 manu
897 1267 1128 1315 discindit
1163 1268 1381 1325 amictus,

131 1338 193 1383 Et
228 1337 417 1384 nodum
453 1335 672 1383 informis
708 1334 792 1382 leti
827 1336 962 1382 trabe
998 1333 1149 1381 nectit
1184 1336 1246 1381 ab
1282 1336 1392 1381 alta.

131 1403 294 1462 Quam
331 1404 523 1450 cladem
560 1401 763 1449 miserae
799 1410 1063 1463 postquam
1098 1417 1333 1462 accepere
1370 1401 1588 1452 Latinae.

132 1469 256 1516 Filia
290 1468 446 1530 prima
481 1485 629 1515 manu
665 1469 812 1515 floros
851 1467 1054 1514 Lavinia
1089 1467 1244 1514 crines

132 1537 193 1582 Et
232 1551 395 1583 roseas
431 1535 611 1582 laniata
645 1551 808 1596 genas,
848 1543 952 1581 tum
989 1543 1150 1581 cetera
1186 1534 1369 1580 circum

129 1603 298 1649 Turba
332 1601 444 1649 furit
456 1620 469 1661 3
505 1610 735 1648 resonant
771 1603 867 1648 late
902 1600 1218 1662 plangoribus
1255 1601 1416 1647 aedes.

131 1668 267 1715 Hinc
302 1677 458 1716 totam
493 1668 658 1715 infelix
693 1669 915 1729 volgatur
949 1669 1078 1713 fama
1115 1683 1201 1728 per
1237 1668 1421 1713 urbem.

131 1735 410 1782 Demittunt
446 1744 636 1782 mentes
648 1752 661 1793 3
696 1733 733 1781 it
769 1733 918 1781 scissa
953 1744 1087 1781 veste
1127 1732 1345 1791 Latinus,

132 1801 366 1863 Coniugis
404 1801 638 1848 attonitus
674 1800 782 1847 fatis
820 1799 1050 1862 urbisque
1087 1799 1237 1857 ruina,

131 1869 375 1916 Canitiem
411 1867 651 1915 inmundo
689 1868 931 1929 perfusam
966 1868 1164 1927 pulvere
1201 1875 1401 1927 turpans

132 1933 412 1999 [Multaque
448 1951 498 1981 se
535 1935 739 1992 incusat,
779 1934 862 1994 qui
898 1949 998 1981 non
1034 1932 1276 1994 acceperit
1311 1941 1424 1979 ante

134 2001 438 2049 Dardanium
474 2003 693 2059 Aenean,
731 2016 1065 2062 generumque
1100 1998 1357 2047 adsciverit
1392 1995 1554 2063 ultro].

196 2071 391 2115 Interea
427 2077 643 2115 extremo
680 2068 885 2114 bellator
920 2067 969 2113 in
1004 2082 1217 2126 aequore
1252 2067 1446 2112 Turnus

130 2136 357 2182 Palantes
393 2134 610 2196 sequitur
645 2150 831 2195 paucos
867 2133 964 2179 iam
1000 2132 1205 2192 segnior,
1244 2141 1390 2193 atque

131 2204 239 2248 Iam
274 2201 433 2247 minus
470 2210 617 2261 atque
653 2199 812 2247 minus
848 2215 1075 2247 successu
1110 2200 1265 2246 laetus
1302 2213 1553 2259 equorum.

129 2267 304 2315 Attulit
339 2269 470 2314 hunc
503 2266 572 2313 illi
607 2266 764 2313 caecis
800 2265 1061 2313 terroribus
1096 2281 1212 2312 aura

131 2333 466 2383 Commixtum
502 2334 779 2390 clamorem,
817 2341 1123 2392 arrectasque
1160 2330 1335 2391 inpulit
1370 2346 1510 2377 aures

131 2402 376 2450 Confusae
412 2416 561 2447 sonus
597 2399 728 2446 urbis
765 2408 812 2446 et
847 2397 1125 2445 inlaetabile
1161 2413 1385 2443 murmur.

132 2466 260 2514 ‘Hei
296 2466 436 2513 mihil
474 2465 591 2527 quid
627 2475 764 2512 tanto
802 2467 1057 2512 turbantur
1092 2464 1289 2511 moenia
1324 2464 1497 2509 luctu?

131 2533 344 2594 ‘Quisve
380 2533 474 2579 ruit
508 2541 672 2580 tantus
709 2532 899 2579 diversa
934 2533 1118 2578 clamor
1152 2532 1213 2577 ab
1250 2530 1433 2577 urbe?'

129 2600 208 2648 Sic
241 2599 321 2657 ait,
360 2598 681 2660 adductisque
717 2615 886 2645 amens
924 2597 1141 2645 subsistit
1176 2595 1396 2643 habenis.

129 2669 293 2727 Atque
329 2665 456 2723 huic,
494 2664 544 2711 in
579 2664 753 2712 faciem
796 2681 930 2712 soror
965 2674 1017 2711 ut
1054 2678 1289 2711 conversa
1327 2660 1521 2709 Metisci

128 2732 337 2794 Aurigae
373 2747 659 2792 currumque
697 2741 744 2779 et
781 2747 934 2792 equos
975 2740 1022 2777 et
1058 2731 1161 2777 lora
1196 2730 1408 2791 regebat,

129 2799 332 2846 Talibus
368 2799 576 2846 occurrit
611 2797 775 2845 dictis:
813 2801 824 2822 ‘
844 2799 972 2852 Hae,
1010 2799 1190 2852 Turne,
1229 2810 1489 2857 sequamur

1687 498 1782 546 590

1689 828 1779 876 595

1687 1142 1782 1186 600

1686 1470 1777 1529 605

1684 1801 1780 1844 610

1660 2106 1774 2192 ¹615

1680 2463 1777 2507 620
