1994 3055
142 127 202 171 30
561 111 617 157 P.
672 111 810 157 VER
820 110 984 156 GJLJ
1022 110 1372 158 MARONJS

142 215 313 275 Pugna
347 217 458 263 loco
493 216 660 262 statuit
695 217 1113 263 Teucros—haud
1151 218 1304 264 multa
1341 226 1626 274 morantem,

143 281 337 342 Excipit
373 282 421 327 in
457 283 596 339 latus,
636 290 695 338 et,
735 296 832 341 qua
868 283 966 328 fata
1000 282 1261 340 celerrima,
1301 284 1507 330 crudum

141 346 449 408 Transadigit
483 356 643 394 costas
680 355 727 394 et
762 357 916 395 crates
951 349 1160 408 pectoris
1198 365 1377 396 ensem.

142 413 337 460 Turnus
375 429 502 474 equo
538 412 782 460 deiectum
817 415 1060 475 Amycum
1096 416 1389 475 fratremque
1426 414 1645 473 Diorem,

144 479 444 539 Congressus
479 480 645 539 pedes,
684 479 814 526 hunc
849 480 1128 528 venientem
1165 481 1367 541 cuspide
1403 482 1562 542 longa,
1694 496 1789 542 510

146 545 299 590 Hunc
334 561 571 592 mucrone
605 545 712 592 ferit
748 562 988 607 curruque
1023 546 1213 594 abscisa
1249 548 1457 594 duorum

143 610 406 670 Suspendit
442 611 614 671 capita,
655 621 703 659 et
737 614 949 660 rorantia
985 614 1221 674 sanguine
1256 622 1428 674 portat.

145 677 234 722 Ille
270 677 430 723 Talon
465 677 774 739 Tanaimque
809 679 918 726 neci
954 680 1228 740 fortemque
1265 681 1551 740 Cethegum,

143 744 262 788 'fres
298 758 398 789 uno
435 759 710 804 congressu,
750 754 798 792 et
832 755 1073 792 maestum
1110 745 1254 792 mittit
1293 746 1489 804 Oniten,

146 809 343 855 Nomen
381 809 675 857 Echionium
710 812 973 873 matrisque
1008 828 1162 873 genus
1200 812 1419 859 Peridiae
1430 830 1443 871 3
1696 825 1787 873 515

147 874 246 919 Hic
280 875 445 922 fratres
482 876 631 936 Lycia
666 877 838 924 missos
876 888 923 925 et
958 878 1197 939 Apollinis
1233 878 1370 937 agris,

146 942 208 986 Et
243 939 468 988 iuvenem
505 958 707 989 exosum
743 944 1042 1006 nequiquam
1079 946 1208 992 bella
1245 946 1527 1002 Menoeten,

143 1006 350 1063 Arcada,
385 1007 606 1068 piscosae
643 1009 721 1055 cui
756 1009 938 1057 circum
973 1011 1176 1057 flumina
1211 1013 1397 1058 Lernae

144 1074 236 1118 Ars
271 1073 425 1120 fuerat
459 1090 742 1136 pauperque
779 1077 969 1134 domus,
1008 1093 1099 1124 nec
1136 1087 1253 1124 nota
1287 1087 1546 1137 potentum

101 1139 105 1141 ’
146 1138 369 1196 Munera,
408 1142 751 1202 conductaque
786 1152 924 1203 pater
958 1145 1129 1190 tellure
1166 1145 1366 1191 serebat.
1697 1158 1791 1204 520

145 1205 220 1250 Ac
255 1205 387 1252 velut
422 1205 608 1253 inmissi
645 1208 844 1255 diversis
880 1209 1098 1268 partibus
1133 1209 1269 1270 ignes

145 1271 378 1317 Arentem
403 1271 454 1317 in
491 1273 660 1319 silvam
696 1284 743 1320 et
778 1275 983 1335 virgulta
1018 1275 1242 1322 sonantia
1275 1277 1440 1325 lauro:

147 1339 247 1382 Aut
283 1336 367 1384 ubi
403 1337 610 1385 decursu
644 1339 815 1400 rapido
851 1341 914 1387 de
950 1341 1196 1388 montibus
1234 1341 1339 1388 altis

147 1403 282 1449 Dant
318 1403 529 1450 sonitum
566 1406 784 1466 spumosi
819 1422 1001 1465 amnes,
1041 1417 1088 1454 et
1123 1407 1173 1454 in
1210 1424 1425 1469 aequora
1461 1417 1659 1454 currunt

147 1468 367 1529 Quisque
404 1485 546 1516 suum
581 1474 843 1533 populatus
879 1473 990 1520 iter:
1027 1490 1129 1521 non
1165 1474 1360 1535 segnius
1396 1476 1544 1522 ambo
1696 1489 1787 1534 525

145 1536 338 1581 Aeneas
375 1538 667 1597 Turnusque
702 1549 848 1586 ruunt
884 1555 971 1600 per
1005 1541 1190 1601 proelia
1202 1558 1214 1598 ;
1253 1557 1398 1598 nunc,
1436 1557 1567 1588 nunc

148 1601 375 1648 Fluctuat
410 1601 478 1649 ira
511 1602 662 1652 intus:
698 1616 990 1666 rumpuntur
1024 1606 1187 1654 nescia
1222 1606 1351 1654 vinci

149 1668 373 1726 Pectora,
410 1684 542 1715 nunc
577 1670 690 1717 totis
726 1671 776 1717 in
811 1673 1010 1719 volnera
1043 1673 1222 1720 viribus
1258 1673 1362 1720 itur.

148 1734 434 1780 Murranum
470 1736 561 1793 hic,
599 1750 766 1784 atavos
803 1749 850 1785 et
886 1754 1086 1786 avorum
1121 1738 1322 1800 antiqua
1357 1750 1610 1787 sonantem

147 1799 374 1855 Nomina,
413 1817 498 1861 per
532 1818 766 1864 regesque
801 1815 966 1852 actum
1001 1821 1154 1866 genus
1190 1821 1336 1853 omne
1374 1806 1585 1854 Latinos.
1696 1820 1791 1866 530

148 1866 468 1926 Praecipitem
504 1871 707 1930 scopulo
743 1880 890 1932 atque
924 1870 1135 1932 ingentis
1170 1872 1364 1920 turbine
1401 1871 1499 1918 saxi

149 1932 357 1989 Excutit,
396 1935 697 1995 effunditque
735 1938 864 1997 solo,
898 1938 1030 1984 hunc
1066 1939 1168 1985 lora
1203 1948 1250 1986 et
1285 1938 1398 1999 iuga
1433 1940 1599 1986 subter

150 1998 439 2046 Provolvere
474 2011 608 2048 rotae
620 2021 632 2061 3
669 2004 838 2050 crebro
875 2019 1019 2065 super
1054 2006 1235 2066 ungula
1269 2006 1411 2066 pulsu

149 2063 308 2111 Incita
343 2081 433 2112 nec
469 2066 655 2114 domini
689 2084 963 2117 memorum
999 2073 1249 2131 proculcat
1285 2087 1532 2132 equorum.

147 2130 238 2176 Ille
272 2131 431 2178 ruenti
467 2133 619 2194 Hyllo
653 2134 926 2197 animisque
956 2137 1168 2185 immane
1204 2138 1426 2185 frementi
1696 2150 1787 2200 535

149 2196 383 2255 Occurrit,
424 2199 674 2260 telumque
710 2212 879 2248 aurata
913 2204 976 2250 ad
1011 2212 1233 2264 tempora
1268 2213 1482 2265 torquet:

148 2261 248 2310 Olli
280 2278 367 2323 per
401 2265 590 2324 galeam
625 2267 721 2313 fixo
758 2267 889 2314 stetit
923 2269 1061 2316 hasta
1097 2271 1309 2317 cerebro.

148 2329 362 2375 Dextera
396 2345 487 2376 nec
522 2340 607 2377 tua
642 2341 701 2391 te,
742 2333 942 2381 Graium
977 2335 1250 2394 fortissime,
1288 2336 1515 2392 Cretheu,

147 2394 337 2454 Eripuit
373 2397 542 2443 Turno
554 2414 566 2454 3
602 2413 694 2445 nec
729 2398 780 2446 di
816 2409 977 2447 texere
1015 2402 1320 2462 Cupencum,

146 2461 316 2506 Aenea
349 2461 587 2520 veniente,
626 2463 698 2510 sui
707 2482 720 2524 3
757 2465 892 2512 dedit
928 2467 1073 2514 obvia
1107 2469 1230 2514 ferro
1697 2480 1791 2528 540

148 2527 366 2585 Pectora,
403 2543 496 2575 nec
530 2528 705 2577 misero
742 2530 884 2592 clipei
919 2548 1056 2579 mora
1090 2532 1268 2593 profuit
1303 2533 1443 2580 aerei.

147 2593 220 2638 Te
256 2608 453 2654 quoque
491 2596 757 2643 Laurentes
795 2597 1029 2656 viderunt,
1068 2600 1236 2658 Aeole,
1276 2599 1434 2660 campi

149 2659 395 2718 Oppetere
431 2668 479 2705 et
514 2661 609 2707 late
647 2673 821 2709 terram
858 2674 1166 2711 consternere
1201 2674 1336 2726 tergo
1348 2682 1361 2722 3

149 2723 360 2781 Occidis,
398 2725 605 2786 Argivae
642 2743 788 2788 quem
823 2744 923 2775 non
959 2739 1162 2790 potuere
1197 2732 1464 2791 phalanges

146 2789 382 2847 Sternere,
421 2806 514 2837 nec
552 2791 726 2839 Priami
762 2809 1022 2854 regnorum
1058 2811 1251 2843 eversor
1284 2797 1523 2852 Achilles;
1697 2809 1789 2858 545
