1994 3055
124 137 187 180 34
545 123 603 169 P.
656 120 969 167 VERGILI
1005 119 1116 165 MA
1124 119 1355 166 RONIS

126 233 335 288 Turnus,
373 239 421 277 et
455 229 630 277 obtutu
670 225 814 272 tacito
852 224 984 272 stetit
994 242 1008 284 3
1042 232 1231 272 aestuat
1267 225 1437 286 ingens

130 299 247 345 Uno
284 296 333 342 in
371 296 518 343 corde
555 294 712 355 pudor
747 291 999 352 mixtoque
1034 290 1223 337 insania
1256 292 1390 338 luctu

131 366 192 410 Et
224 363 358 409 furiis
394 362 600 423 agitatus
637 373 773 405 amor
809 367 857 404 et
892 356 1090 404 conscia
1123 356 1285 404 virtus.

132 431 201 477 Ut
234 428 443 491 primum
480 426 727 474 discussae
764 425 964 471 umbrae
1003 433 1049 471 et
1085 425 1168 470 lux
1202 422 1393 470 reddita
1427 424 1592 478 menti,

130 495 370 544 Ardentes
409 495 660 541 oculorum
701 491 840 538 orbes
878 491 941 537 ad
978 490 1173 537 moenia
1209 489 1346 537 torsit
1685 492 1777 547 670

129 561 390 619 TurbiduS,
431 577 553 620 eque
592 557 704 606 rotis
745 573 971 617 magnam
1007 555 1217 617 respexit
1253 556 1316 602 ad
1353 557 1533 603 urbem.

131 631 261 676 Ecce
296 636 474 683 autem,
516 625 718 672 flammis
758 624 879 671 inter
916 625 1133 670 tabulata
1168 623 1361 670 volutus

130 696 210 742 Ad
247 695 436 741 caelum
473 693 691 739 undabat
730 699 891 738 vertex
927 689 1191 751 turrimque
1228 690 1442 745 tenebat,

130 760 337 818 Turrim,
378 757 646 820 compactis
683 756 900 805 trabibus
937 772 1085 817 quam
1121 756 1352 803 eduxerat
1388 755 1491 816 ipse

130 827 519 886 Subdideratque
556 834 684 872 rotas
721 832 996 884 pontesque
1031 822 1316 870 instraverat
1352 824 1486 869 altos.
1686 822 1777 881 675

133 896 271 940 ‘Iam
308 893 404 940 iarn
440 893 552 949 fata,
593 906 728 938 soror
763 898 1021 951 superant,
1056 889 1236 936 absiste
1273 888 1448 936 morari
1460 905 1472 946 3

133 969 143 983 ‘
166 961 276 1020 Quo
314 961 434 1007 deus
471 969 518 1005 et
556 974 654 1018 quo
691 958 812 1003 dura
846 965 989 1003 vocat
1027 957 1255 1013 Fortuna,
1296 971 1565 1016 sequamur.

134 1029 268 1074 ‘Stat
305 1027 521 1073 conferre
559 1040 758 1070 manum
797 1025 1007 1079 Aeneae,
1047 1031 1156 1080 stat,
1194 1021 1435 1083 quidquid
1471 1021 1632 1068 acerbi
1671 1030 1755 1076 est,

134 1096 145 1117 ‘
167 1095 330 1140 Morte
366 1092 491 1154 pati,
528 1107 688 1153 neque
724 1106 800 1137 me
840 1090 1134 1146 indecorem,
1172 1104 1416 1150 germana,
1455 1087 1642 1135 videbis

134 1163 145 1183 ‘
166 1159 400 1221 Amplius.
469 1160 632 1215 Hunc,
663 1173 763 1213 oro,
791 1156 894 1203 sine
933 1173 1010 1203 me
1046 1157 1202 1203 furere
1238 1164 1351 1203 ante
1386 1156 1625 1202 furorem.'
1687 1156 1780 1199 680

137 1226 284 1283 Dixit,
325 1233 373 1273 et
410 1241 435 1272 e
473 1240 612 1270 curru
650 1224 823 1270 saltum
865 1223 999 1270 dedit
1036 1221 1170 1269 ocius
1207 1221 1345 1280 arvis,

135 1295 324 1354 Perque
359 1293 539 1348 hostes,
577 1306 663 1351 per
698 1291 794 1336 tela
828 1290 934 1345 ruit,
974 1300 1309 1349 maestamque
1345 1304 1559 1335 sororem

135 1358 342 1418 Deserit,
383 1373 438 1404 ac
476 1356 647 1418 rapido
669 1355 825 1402 ‘cursu
863 1355 1025 1402 media
1060 1355 1254 1416 agmina
1288 1355 1480 1415 rumpit.

133 1428 207 1472 Ac
243 1424 392 1472 veluti
427 1423 608 1470 montis
646 1438 813 1469 saxum
850 1423 911 1469 de
948 1422 1125 1469 vertice
1161 1437 1395 1482 praeceps

136 1493 262 1540 Cum
300 1490 404 1549 ruit,
445 1491 665 1538 avolsum
704 1498 864 1545 vento,
905 1505 990 1535 seu
1027 1488 1246 1535 turbidus
1283 1488 1436 1535 imber
1687 1489 1780 1547 685

140 1558 335 1616 Proluit,
373 1568 454 1604 aut
492 1556 630 1603 annis
667 1555 808 1603 solvit
844 1557 1075 1616 sublapsa
1109 1563 1321 1602 vetustas
1334 1572 1347 1613 ;

139 1627 304 1672 Fertur
339 1624 389 1670 in
424 1626 684 1684 abruptum
721 1638 900 1682 magno
938 1638 1079 1668 mons
1114 1620 1347 1682 inprobus
1384 1630 1508 1679 actu,

138 1693 454 1751 Exsultatque
490 1692 610 1747 solo,
650 1689 791 1736 silvas
829 1697 1046 1735 armenta
1081 1688 1306 1749 virosque

138 1759 398 1806 Involvens
436 1772 623 1804 secum:
663 1754 862 1802 disiecta
898 1771 982 1816 per
1018 1754 1213 1815 agmina
1249 1756 1442 1801 Turnus

136 1825 214 1872 Sic
248 1823 377 1872 urbis
413 1823 503 1870 ruit
540 1823 603 1870 ad
640 1838 816 1879 muros,
856 1821 938 1868 ubi
974 1822 1179 1882 plurima
1213 1822 1323 1868 fuso
1690 1823 1784 1879 690

137 1891 377 1952 Sanguine
417 1900 539 1938 terra
575 1889 755 1945 madet,
795 1887 1101 1949 striduntque
1138 1887 1390 1936 hastilibus
1428 1904 1573 1935 aurae
1594 1906 1607 1946 3

137 1958 479 2019 Significatque
517 1972 680 2014 manu,
719 1964 766 2002 et
802 1971 980 2016 magno
1019 1955 1159 2001 simul
1197 1954 1365 2016 incipit
1403 1971 1512 2002 ore:

139 2029 149 2048 ‘
174 2024 359 2072 Parcite
395 2023 504 2082 iam,
547 2022 729 2078 Rutuli,
771 2032 816 2069 et
852 2037 938 2068 vos
975 2023 1073 2068 tela
1106 2021 1339 2080 inhibete,
1380 2021 1564 2080 Latini3

139 2095 149 2115 ‘
171 2092 525 2152 Quaecumque
562 2098 632 2136 est
672 2090 899 2146 Fortuna,
939 2104 1049 2134 mea
1084 2097 1179 2135 est:
1217 2104 1294 2135 me
1329 2088 1486 2135 verius
1525 2103 1672 2134 unum

139 2163 149 2181 ‘
172 2160 264 2205 Pro
300 2157 438 2205 vobis
474 2156 647 2204 foedus
683 2156 828 2212 luere,
869 2163 915 2202 et
952 2155 1211 2202 decernere
1247 2155 1400 2202 ferro.'
1691 2157 1782 2214 695

140 2224 420 2272 Discessere
456 2238 628 2270 omnes
663 2221 827 2278 medii,
867 2221 1175 2282 spatiumque
1213 2222 1403 2268 dedere.

203 2293 268 2337 At
305 2299 440 2351 pater
475 2292 684 2346 Aeneas,
723 2287 890 2335 audito
928 2287 1128 2334 nomine
1164 2287 1332 2346 Turni,

140 2357 332 2404 Deserit
368 2364 414 2402 et
449 2370 629 2408 muros,
670 2363 718 2401 et
753 2370 964 2400 summas
1003 2353 1180 2400 deserit
1215 2370 1364 2412 arces,

141 2423 529 2484 Praecipitatque
564 2436 723 2468 moras
760 2436 945 2475 omnes9
985 2436 1133 2480 opera
1170 2421 1333 2466 omnia
1369 2419 1563 2481 rumpit,

140 2489 346 2537 Laetitia
382 2489 639 2545 exsultans,
675 2487 1071 2548 horrendumque
1106 2486 1296 2533 intonat
1332 2486 1497 2533 arinis:
1693 2500 1786 2545 700

140 2558 365 2617 Quantus
401 2555 571 2611 Athos,
610 2562 693 2600 aut
729 2563 941 2614 quantus
981 2555 1121 2614 Eryx,
1160 2563 1244 2600 aut
1281 2552 1398 2614 ipse,
1438 2551 1652 2600 coruscis

140 2624 266 2672 Cum
301 2621 457 2669 fremit
493 2620 696 2678 ilicibus,
735 2631 959 2680 quantus,
997 2620 1274 2681 gaudetque
1310 2619 1454 2666 nivali

142 2687 334 2736 Vertice
371 2703 423 2735 se
458 2687 685 2734 attollens
721 2696 858 2746 pater
893 2687 1218 2747 Appenninus
1254 2686 1315 2732 ad
1353 2702 1503 2733 auras.

141 2757 247 2803 Iam
286 2769 397 2801 vero
435 2762 481 2802 et
521 2752 689 2799 Rutuli
726 2751 947 2800 certatim
984 2762 1033 2799 et
1067 2755 1221 2800 Troes
1258 2761 1304 2799 et
1342 2768 1513 2800 omnes

142 2823 438 2870 Convertere
474 2820 640 2868 oculos
679 2818 801 2868 Itali.
843 2817 1024 2879 quique
1059 2820 1156 2865 alta
1191 2820 1425 2866 tenebant
1694 2830 1783 2878 705
