1994 3055
678 109 1071 157 AENEIDOS
1115 110 1257 155 LIB.
1297 110 1422 156 XII.
1806 131 1865 174 33

225 213 572 276 ‘Troiugenas,
610 228 707 275 qua
742 212 897 274 prima
935 212 1060 259 viam
1099 213 1298 260 victoria
1334 213 1526 274 pandit3

225 283 236 305 ‘
259 282 382 329 Sunt
417 280 510 337 alii,
549 279 632 340 qui
669 288 796 326 tecta
832 294 980 325 manu
1018 280 1282 326 defendere
1317 280 1517 341 possint.

225 347 441 408 ‘Ingruit
476 348 670 393 Aeneas
708 344 843 392 Italis
881 354 928 391 et
963 344 1148 405 proelia
1184 345 1386 403 miscet3

225 416 236 437 ‘
257 414 320 460 Et
355 428 446 460 nos
481 428 626 459 saeva
660 427 807 458 manu
844 411 1092 457 mittamus
1129 412 1296 458 funera
1331 411 1548 459 Teucris.

225 480 364 525 ‘Nec
400 494 604 525 numero
639 477 845 536 inferior,
887 493 1079 538 pugnae
1116 493 1207 524 nec
1243 478 1430 525 honore
1465 479 1692 526 recedes.'
1778 483 1870 540 630

223 546 416 592 Turnus
452 545 513 592 ad
551 546 695 592 haec:

225 614 235 634 ‘
258 612 302 659 O
339 627 486 670 soror,
526 620 572 658 et
609 611 796 657 dudum
832 608 1057 671 adgnovi,
1096 625 1206 656 cum
1244 611 1397 671 prima
1434 626 1519 671 per
1554 619 1703 657 artem

225 679 479 725 ‘Foedera
515 677 718 724 turbasti
754 686 899 737 teque
937 678 1058 723 haec
1093 675 1140 722 in
1179 676 1308 723 bella
1345 677 1536 732 dedisti,

225 746 319 791 ‘Et
356 759 483 790 nunc
518 742 815 804 nequiquam
852 742 975 789 fallis
1013 742 1116 789 dea.
1190 743 1284 790 Sed
1321 742 1428 802 quis
1467 745 1681 804 Olympo

225 813 236 834 ‘
258 809 533 857 Demissam
570 819 730 856 tantos
767 808 918 855 voluit
955 818 1002 856 te
1037 810 1157 855 ferre
1193 809 1419 856 labores?
1775 813 1864 870 635

223 878 334 922 ‘An
370 875 523 923 fratris
561 875 721 923 miseri
758 877 907 922 letum
944 884 997 922 ut
1034 876 1229 922 crudele
1268 874 1490 923 videres?

224 944 383 989 ‘Nam
421 941 538 1003 quid
574 945 698 1004 ago?
732 951 814 988 aut
851 957 976 1003 quae
1011 940 1108 987 iam
1145 942 1355 1003 spondet
1392 943 1605 988 Fortuna
1630 943 1867 989 salutem?

223 1008 368 1056 ‘Vidi
406 1010 576 1056 oculos
612 1018 724 1056 ante
761 1008 864 1069 ipse
902 1023 1038 1054 meos
1074 1023 1152 1054 me
1191 1023 1311 1055 voce
1351 1019 1604 1055 vocantem

224 1079 234 1098 ‘
257 1077 555 1133 Murranum,
595 1091 692 1136 quo
729 1091 829 1122 non
866 1083 1059 1135 superat
1097 1073 1212 1120 mihi
1250 1073 1403 1122 carior
1438 1076 1568 1131 alter,

224 1143 499 1203 ‘Oppetere
533 1142 781 1202 ingentem
816 1150 962 1201 atque
1000 1140 1178 1202 ingenti
1220 1142 1414 1188 volnere
1451 1141 1640 1187 victum.
1769 1143 1864 1196 640

222 1211 233 1232 ‘
257 1208 453 1257 Occidit
487 1207 664 1265 infelix,
701 1224 764 1256 ne
800 1218 1017 1255 nostrum
1055 1208 1268 1254 dedecus
1308 1208 1464 1255 Ufens

223 1275 531 1336 ‘Aspiceret;
566 1275 743 1322 Teucri
780 1275 1029 1336 potiuntur
1065 1289 1265 1334 corpore
1304 1284 1348 1320 et
1388 1274 1540 1320 armis.

223 1340 548 1389 ‘Exscindine
585 1341 893 1399 domos,——id
932 1342 1074 1387 rebus
1112 1339 1262 1387 defuit
1301 1356 1536 1397 unum,—

223 1412 233 1431 ‘
256 1408 540 1468 Perpetiar?
577 1409 742 1455 dextra
777 1423 869 1454 nec
909 1406 1113 1453 Drancis
1151 1407 1281 1453 dicta
1319 1408 1568 1453 refellam?

224 1477 235 1498 ‘
253 1475 411 1535 Terga
436 1475 578 1531 dabo,
607 1483 654 1522 et
679 1476 900 1520 Turnum
925 1472 1187 1534 fugientem
1215 1474 1335 1519 haec
1362 1482 1485 1520 terra
1510 1471 1723 1520 videbit?
1771 1475 1861 1532 645

223 1541 426 1601 ‘Usque
462 1543 651 1588 adeone
688 1540 811 1587 mori
847 1539 1075 1586 miserum
1112 1541 1213 1586 est?
1249 1541 1352 1585 Vos
1390 1555 1419 1586 o
1455 1538 1572 1586 mihi
1611 1541 1786 1586 Manes

223 1608 371 1654 ‘Este
406 1608 538 1664 boni,
577 1606 808 1668 quoniam
845 1605 1038 1666 Superis
1075 1621 1240 1652 aversa
1277 1606 1512 1652 voluntas.

222 1673 430 1720 ‘Sancta
464 1674 526 1721 ad
563 1689 649 1721 vos
685 1672 862 1729 anima,
901 1683 1045 1733 atque
1081 1671 1216 1718 istius
1256 1671 1403 1719 inscia
1439 1672 1612 1732 culpae

221 1742 232 1763 ‘
254 1740 582 1797 Descendam,
610 1755 896 1801 magnorum
934 1739 1065 1786 haud
1102 1754 1334 1798 umquam
1370 1737 1596 1800 indignus
1634 1739 1863 1786 avorum]

283 1805 378 1852 Vix
415 1822 472 1853 ea
505 1808 631 1853 fatus
667 1815 789 1853 erat:
826 1805 1013 1852 medios
1049 1806 1195 1863 volat,
1234 1820 1363 1862 ecce,
1400 1820 1486 1865 per
1521 1806 1684 1852 hostes
1769 1807 1863 1865 650

218 1874 400 1919 Vectus
437 1889 565 1934 equo
602 1881 857 1934 spumante
896 1873 1054 1928 Saces,
1093 1871 1295 1918 adversa
1331 1871 1501 1932 sagitta

219 1940 417 1986 Saucius
453 1955 549 1997 ora,
586 1939 778 2000 ruitque
816 1938 1079 2001 implorans
1117 1941 1317 1989 nomine
1355 1943 1606 1990 Turnum:

220 2007 429 2063 ‘Turne,
467 2006 515 2051 in
553 2015 600 2052 te
637 2021 862 2066 suprema
898 2007 1025 2052 salus
1037 2023 1049 2064 3
1085 2007 1309 2053 miserere
1346 2014 1555 2054 tuorum.

219 2070 496 2118 ‘Fulminat
531 2074 724 2119 Aeneas
759 2072 917 2128 armis,
956 2088 1266 2133 summasque
1304 2072 1511 2119 minatur

219 2137 565 2185 ‘Deiectumm
601 2154 735 2185 arces
772 2139 948 2184 Italum
987 2139 1297 2200 exscidioque
1333 2141 1580 2197 daturum;
1767 2142 1857 2202 655

218 2205 456 2266 ‘Iamque
491 2205 618 2252 faces
655 2205 717 2252 ad
753 2214 882 2252 tecta
916 2206 1093 2252 volant.
1170 2208 1226 2251 In
1265 2215 1312 2253 te
1348 2222 1430 2254 ora
1470 2205 1642 2265 Latini,

217 2273 229 2294 ‘
251 2272 309 2318 In
346 2280 394 2317 te
431 2272 600 2318 oculos
636 2273 867 2330 referunt3
904 2280 1087 2318 mussat
1121 2287 1203 2318 rex
1237 2272 1339 2333 ipse
1377 2272 1594 2331 Latinus,

217 2337 386 2397 ‘Quos
420 2353 625 2399 generos
662 2347 816 2395 vocet,
856 2348 938 2384 aut
973 2354 1098 2398 quae
1136 2353 1240 2385 sese
1275 2339 1337 2385 ad
1372 2339 1570 2387 foedera
1604 2339 1777 2386 flectat.

217 2402 506 2451 ‘Praeterea
540 2403 718 2465 regina,
756 2403 827 2451 tui
862 2404 1108 2466 fidissima,
1149 2405 1316 2452 dextra

215 2468 444 2517 ‘Occidit
478 2469 583 2531 ipsa
619 2486 719 2527 sua,
758 2472 1015 2531 lucemque
1054 2470 1277 2518 exterrita
1311 2470 1443 2532 fugit.
1762 2475 1855 2519 660

215 2535 345 2583 ‘Soli
381 2551 467 2597 pro
504 2537 654 2598 portis
693 2539 948 2598 Messapus
985 2546 1032 2584 et
1067 2553 1177 2584 acer
1211 2537 1383 2586 Atinas

215 2602 529 2649 ‘Sustentant
564 2602 733 2650 aciem.
808 2604 1005 2651 Circum
1042 2604 1132 2651 hos
1168 2604 1409 2664 utrimque
1446 2605 1711 2668 phalanges

214 2667 384 2714 ‘Stant
421 2668 614 2725 densae,
654 2669 926 2730 strictisque
963 2685 1098 2731 seges
1136 2670 1448 2719 mucronibus
1483 2671 1646 2718 horret

214 2734 443 2781 ‘Ferrea:
480 2742 528 2781 tu
567 2750 756 2781 currum
795 2736 987 2783 deserto
1024 2735 1072 2782 in
1107 2736 1320 2796 gramine
1357 2740 1546 2784 versas’

213 2799 463 2860 Obstipuit
497 2800 627 2847 varia
661 2803 892 2850 confusus
927 2801 1138 2862 imagine
1173 2818 1331 2849 rerum
1761 2805 1848 2864 665

333 2895 369 2930 S.
399 2896 517 2931 AEN.
548 2898 642 2932 XII.
1684 2911 1709 2955 3
