1994 3055
641 131 946 177 AENEJD
956 131 1043 178 OS
1086 131 1227 176 LIB.
1271 131 1395 176 XII.
1809 147 1822 174 1
1835 146 1862 190 9

213 236 429 285 Subiecit
462 239 623 296 rubor,
662 248 710 287 et
745 241 978 287 calefacta
1013 255 1099 300 per
1134 254 1218 284 ora
1254 234 1476 284 cucurrit.

215 305 396 351 Indum
432 306 700 366 sanguineo
735 305 885 353 veluti
923 303 1173 353 violaverit
1209 313 1341 350 ostro

213 369 263 418 Si
297 369 405 432 quis
442 372 576 430 ebur,
614 381 698 419 aut
732 372 883 419 mixta
918 373 1094 418 rubent
1129 369 1213 416 ubi
1250 368 1348 415 lilia
1385 369 1539 416 multa

214 438 343 485 Alba
377 453 510 485 rosa:
546 439 667 485 tales
702 438 835 500 virgo
872 439 1022 485 dabat
1058 453 1139 484 ore
1177 437 1379 483 colores.

216 505 364 550 Illum
400 505 563 552 turbat
597 520 748 563 amor,
784 504 987 566 figitque
1023 503 1073 549 in
1109 502 1290 564 virgine
1327 502 1499 549 voltus.
1808 511 1869 559 70

214 571 369 618 Ardet
404 569 453 617 in
489 587 622 617 arma
658 571 825 633 magis,
861 570 1128 632 paucisque
1164 570 1355 616 adfatur
1390 570 1647 614 Amatam:

219 638 344 695 ‘Ne,
382 653 580 698 quaeso,
618 654 681 685 ne
718 654 796 685 me
833 636 1057 694 lacrimis,
1095 651 1220 682 neve
1258 634 1421 681 omine
1459 644 1595 681 tanto

219 705 553 765 ‘Prosequere
589 703 639 750 in
676 704 783 751 duri
820 703 1086 751 certamina
1123 701 1296 748 Martis
1334 710 1548 756 euntem,

221 771 296 818 ‘O
335 779 489 817 mater
500 788 511 828 3
547 787 708 832 neque
745 770 876 818 enim
912 772 1082 816 Turno
1118 784 1255 815 mora
1290 767 1441 814 libera
1477 766 1657 813 mortis.

219 836 463 884 ‘Nuntius
498 838 632 895 haec,
672 839 866 896 Idmon
908 835 1117 898 Phrygio
1154 851 1264 881 mea
1301 833 1432 881 dicta
1468 844 1674 894 tyranno
1812 845 1869 893 75

221 904 407 950 ‘Haud
441 903 676 965 placitura
711 906 855 952 refer:
894 905 1023 952 Cum
1059 901 1270 964 primum
1307 900 1516 948 crastina
1551 901 1688 946 caelo

221 968 479 1017 ‘Puniceis
515 971 705 1029 invecta
741 970 857 1018 rotis
894 972 1083 1017 Aurora
1117 967 1322 1024 rubebit,

223 1038 234 1060 ‘
254 1030 372 1084 Non
397 1026 624 1084 Teucros
660 1047 770 1099 agat
800 1038 848 1083 in
887 1037 1128 1095 Rutulos3
1165 1037 1411 1082 Teucrum
1442 1049 1577 1080 arma
1606 1032 1871 1093 quiescant,

223 1106 233 1126 ‘
255 1103 318 1150 Et
342 1103 536 1150 Rutuli:
572 1116 739 1152 nostro
776 1103 1059 1151 dirimamus
1095 1100 1330 1163 sanguine
1367 1101 1578 1158 bellum3

223 1175 234 1195 ‘
254 1171 348 1217 Illo
384 1180 642 1231 quaeratur
677 1170 890 1218 coniunx
916 1168 1128 1216 Lavinia
1163 1165 1369 1228 campo.'
1813 1167 1875 1210 80

288 1237 432 1284 Haec
466 1236 552 1284 ubi
587 1237 719 1284 dicta
755 1237 905 1295 dedit,
942 1236 1238 1298 rapidusque
1274 1234 1324 1280 in
1361 1242 1489 1280 tecta
1524 1232 1743 1291 recessit3

225 1303 387 1351 Poscit
423 1319 589 1365 equos,
627 1305 907 1366 gaudetque
942 1312 1084 1350 tuens
1121 1311 1233 1348 ante
1270 1317 1354 1348 ora
1389 1301 1662 1358 fremente5‚

225 1370 452 1417 Pilumno
489 1386 612 1431 quos
648 1370 752 1432 ipsa
788 1372 936 1418 decus
973 1369 1108 1417 dedit
1146 1367 1381 1428 Orithyia,

225 1437 323 1498 Qui
358 1438 569 1484 candore
606 1437 740 1484 nives
776 1436 1030 1494 anteirent,
1069 1435 1285 1482 cursibus
1321 1449 1472 1480 auras.

224 1503 554 1551 Circumstant
589 1504 780 1565 properi
817 1502 1009 1564 aurigae
1046 1502 1371 1574 manibusque
1408 1501 1651 1546 lacessunt
1814 1500 1873 1559 85

225 1571 430 1618 Pectora
465 1564 634 1631 plausa
670 1569 798 1617 cavis
836 1580 883 1617 et
920 1571 1047 1617 colla
1083 1567 1329 1616 comantia
1361 1575 1575 1627 pectunt.

225 1639 338 1698 Ipse
374 1637 554 1684 dehinc
589 1653 707 1685 auro
744 1638 1050 1697 squalentem
1086 1636 1299 1696 alboque
1336 1633 1580 1680 orichalco

225 1703 510 1751 Circumdat
545 1703 745 1751 loricam
780 1702 1018 1764 humeris3
1055 1701 1198 1750 simul
1207 1709 1368 1775 aptat
1402 1700 1634 1747 habendo

226 1762 526 1831 E‘nsemque
544 1768 851 1831 clipeumque
889 1779 936 1817 et
971 1770 1143 1817 rubrae
1180 1768 1362 1815 cornUa
1396 1765 1590 1825 cristae3

225 1838 422 1895 Ensem,
461 1853 609 1898 quem
647 1839 827 1884 Dauno
862 1836 1139 1908 ignipotens
1177 1836 1297 1882 deus
1333 1833 1435 1895 ipse
1472 1831 1658 1894 parenti
1819 1848 1880 1891 90

225 1905 428 1952 Fecerat
463 1911 512 1951 'et
547 1903 710 1965 Stygia
746 1905 1041 1951 candentem
1077 1902 1281 1949 tinxerat
1317 1901 1460 1947 unda.

227 1969 365 2028 Exin,
406 1986 530 2032 quae
566 1969 739 2017 mediis
775 1969 959 2031 ingenti
995 1968 1174 2016 adnixa
1209 1969 1467 2015 columnae

225 2036 446 2084 Aedibus
482 2038 721 2095 adstabat,
758 2036 971 2084 validam
1007 2035 1053 2083 vi
1089 2034 1283 2096 corripit
1319 2035 1524 2090 hastam,

225 2103 418 2151 Actoris
453 2103 672 2150 Aurunci
708 2103 933 2164 spolium,
971 2111 1263 2164 quassatque
1299 2109 1604 2156 trementem,

226 2169 537 2218 Vociferans:
578 2174 588 2194 ‘
610 2172 771 2227 Nunc,
812 2186 842 2217 o
877 2185 1149 2230 numquam
1185 2169 1407 2215 frustrata
1442 2177 1642 2213 vocatus
1821 2181 1878 2226 95

229 2238 424 2284 ‘Hasta
457 2252 610 2295 meos,
647 2253 781 2283 nunc
815 2246 1008 2298 tempus
1043 2236 1205 2295 adest3
1241 2244 1289 2281 te
1324 2249 1582 2280 maxumus
1617 2235 1781 2290 Actor,

230 2305 334 2351 ‘Te
369 2303 524 2350 Turni
558 2320 692 2350 nunc
728 2303 897 2350 dextra
931 2301 1052 2365 gerit
1062 2322 1075 2363 3
1112 2302 1175 2349 da
1213 2310 1425 2348 sternere
1462 2315 1636 2360 corpus

231 2375 242 2396 ‘
262 2369 583 2431 Loricamque
619 2386 766 2417 manu
800 2369 962 2417 valida
995 2370 1205 2416 lacerare
1240 2369 1476 2415 revolsani

231 2441 242 2461 ‘
263 2436 484 2485 Semiviri
521 2436 738 2498 Phrygis,
777 2446 826 2484 et
861 2437 1059 2484 foedare
1094 2435 1145 2482 in
1180 2436 1378 2496 pulvere
1415 2432 1571 2480 crines

231 2503 490 2551 ‘Vibratos
526 2503 687 2551 calido
724 2504 848 2550 ferro
884 2518 1142 2563 murraque
1179 2501 1466 2548 madentes!
1792 2514 1884 2545 100

234 2568 328 2617 His
363 2569 520 2630 agitur
553 2569 710 2630 furiis3
746 2579 953 2631 totoque
989 2567 1202 2616 ardentis
1237 2569 1300 2615 ab
1336 2583 1418 2615 ore

231 2635 477 2685 Scintillae
512 2635 778 2695 absistunt3
815 2635 966 2683 oculis
1002 2635 1151 2682 micat
1186 2633 1378 2681 acribus
1414 2630 1551 2694 ignis.

234 2702 452 2764 Mugitus
486 2702 637 2750 veluti
672 2719 784 2749 curn
819 2702 976 2776 prima
1011 2701 1062 2748 in
1096 2700 1283 2763 proelia
1317 2708 1481 2746 taurus

231 2767 489 2817 Terrificos
525 2768 622 2816 ciet
656 2778 802 2829 atque
838 2768 977 2815 irasci
1013 2767 1063 2814 in
1100 2782 1283 2814 cornua
1318 2773 1540 2826 temptat,

231 2834 432 2883 Arboris
468 2834 677 2883 obnixus
713 2845 902 2893 trunco,
939 2842 1212 2895 ventosque
1249 2831 1441 2879 lacessit
1797 2844 1883 2890 105
