1994 3055
155 113 210 156 18
579 111 636 159 P.
694 112 1002 159 VERGIL]
1043 112 1392 162 MARONJS

153 213 390 262 ‘Sublatis
427 214 610 275 aperire
648 214 772 261 dolis
783 232 797 274 3
833 213 975 261 simul
1012 215 1106 262 hoc
1143 216 1308 263 animo
1345 218 1513 267 hauri:

153 282 267 327 ‘Me
303 291 467 327 natam
503 282 621 327 nulli
662 291 875 327 veterum
914 280 1098 329 sociare
1135 298 1394 343 procorum

153 348 274 393 ‘Fas
310 356 425 403 erat,
462 346 608 408 idque
647 362 817 393 omnes
854 346 1049 408 divique
1084 348 1408 421 hominesque
1444 352 1697 401 canebant.

151 413 350 459 ‘Victus
386 429 550 459 amore
588 412 670 470 tui,
709 422 919 474 cognato
956 415 1191 475 sanguine
1227 414 1398 473 victus,

150 481 160 501 ‘
182 478 416 540 Coniugis
454 488 501 526 et
537 488 752 526 maestae
788 478 1010 536 lacrimis,
1049 481 1207 527 vincla
1242 481 1407 528 omnia
1441 481 1578 554 rupi:
1736 499 1798 544 30

151 548 161 568 ⁴
183 544 479 591 Promissam
515 544 667 606 eripui
704 561 904 606 genero,
942 563 1077 592 arma
1112 545 1262 607 impia
1298 547 1497 608 sumpsi.

151 613 255 657 ‘Ex
290 610 373 658 illo
411 610 495 672 qui
530 627 608 658 me
645 627 799 669 casus,
839 628 978 685 quae,
1017 615 1196 669 Turne,
1236 623 1502 674 sequantur

152 678 328 734 ‘Bella,
368 677 516 735 vides,
556 688 765 738 quantos
802 679 986 752 primus
1021 678 1204 740 patiare
1240 680 1444 727 labores.

151 743 260 790 ‘Bis
296 760 471 805 magna
508 743 623 790 victi
656 761 822 805 pugna
857 744 936 790 vix
972 747 1090 792 urbe
1127 755 1320 793 tuemur

150 811 297 870 ‘Spes
338 812 507 866 Italas;
545 812 755 857 recalent
792 820 958 859 nostro
995 811 1226 859 Tiberina
1261 813 1444 859 fluenta
1736 829 1794 875 35

150 875 422 937 ‘Sanguine
456 848 632 935 adhuc,
671 877 931 939 campique
965 878 1186 939 ingentes
1223 878 1414 926 ossibus
1449 879 1626 926 albent.

149 944 293 1002 ‘Quo
329 945 507 990 referor
542 944 749 991 totiens?
785 961 911 1005 quae
947 954 1163 992 mentem
1199 944 1385 992 insania
1421 948 1618 993 mutat?

149 1009 226 1056 ‘Si
261 1012 429 1057 Turno
467 1010 706 1057 exstincto
744 1011 902 1057 socios
939 1027 1045 1058 sum
1083 1011 1271 1058 adscire
1306 1022 1516 1072 paratus,

147 1078 157 1098 ‘
179 1076 280 1123 Cur
313 1092 415 1123 non
450 1076 684 1123 incolumi
720 1077 881 1138 potius
918 1077 1183 1125 certamina
1218 1079 1367 1125 tollo?

147 1145 157 1163 ⁴
179 1141 311 1202 Quid
347 1142 698 1203 consanguinei
735 1144 920 1200 Rutuli,
959 1143 1078 1205 quid
1114 1154 1273 1192 cetera
1310 1144 1439 1191 dicet
1731 1161 1793 1202 40

147 1208 334 1265 ‘ltalia,
363 1210 425 1255 ad
461 1222 669 1256 mortem
707 1209 744 1256 si
781 1212 994 1257 te——fors
1032 1210 1162 1257 dicta
1198 1212 1373 1258 refutet
1387 1214 1463 1256 1—

147 1275 494 1332 ‘Prodiderim,
533 1287 695 1322 natam
736 1285 782 1323 et
809 1277 1022 1324 conubia
1059 1287 1222 1324 nostra
1257 1277 1547 1338 petentem?

146 1344 156 1364 ⁴
179 1341 389 1402 Respice
425 1358 500 1389 res
539 1344 668 1389 bello
706 1341 884 1401 varias3
920 1342 1146 1390 miserere
1182 1343 1394 1404 parentis

146 1408 438 1469 ‘Longaevi,
478 1424 625 1469 quem
661 1425 793 1455 nunc
831 1419 1070 1456 maestum
1106 1409 1261 1470 patria
1295 1408 1459 1455 Ardea
1493 1409 1637 1471 longe

145 1477 155 1496 ⁴
178 1474 394 1520 Dividit)
468 1476 871 1536 Haudquaquam
909 1475 1050 1522 dictis
1085 1475 1315 1536 violentia
1350 1474 1504 1521 Turni
1730 1493 1787 1536 45

146 1540 376 1587 Flectitur
395 1558 408 1599 3
444 1552 699 1602 exsuperat
736 1543 902 1603 magis,
941 1542 1274 1603 aegrescitque
1311 1542 1570 1589 medendo.

145 1608 214 1653 Ut
248 1607 460 1668 primum
497 1609 582 1654 fari
617 1608 791 1669 potuit,
830 1609 898 1654 sic
934 1608 1105 1655 institit
1141 1625 1256 1656 ore:

145 1674 337 1733 ‘Quam
374 1690 462 1735 pro
500 1691 577 1721 me
603 1690 768 1721 curam
793 1674 930 1735 geris,
958 1676 1086 1721 hanc
1121 1691 1306 1736 precor,
1343 1686 1559 1736 optume,
1594 1690 1683 1735 pro
1714 1690 1788 1720 me

145 1741 424 1800 ‘Deponas,
465 1741 718 1802 letumque
754 1741 883 1788 sinas
918 1757 1006 1802 pro
1042 1743 1186 1789 laude
1221 1741 1415 1802 pacisci.

142 1809 153 1830 ‘
175 1808 235 1853 Et
271 1823 362 1854 nos
399 1809 505 1864 tela,
544 1818 693 1868 pater,
732 1809 1007 1868 ferrumque
1044 1808 1176 1855 haud
1213 1808 1373 1855 debile
1409 1809 1578 1855 dextra
1728 1822 1788 1868 50

144 1873 475 1935 ‘Spargimus3
512 1884 559 1921 et
594 1884 761 1921 nostro
799 1873 1016 1935 sequitur
1051 1875 1112 1922 de
1147 1875 1344 1921 volnere
1381 1872 1586 1935 sanguis.

143 1941 344 2001 ‘Longe
378 1939 446 1986 illi
482 1941 574 1987 dea
609 1951 762 1987 mater
799 1941 898 1999 erit,
939 1957 1064 2002 quae
1099 1942 1232 1988 nube
1267 1942 1491 2002 fugacem

142 2011 153 2031 ⁴
175 2007 409 2053 Feminea
444 2015 588 2068 tegat,
627 2016 675 2054 et
710 2007 845 2054 vanis
883 2023 988 2055 sese
1025 2009 1218 2055 occulat
1254 2006 1466 2054 umbris.'

204 2075 272 2120 At
306 2072 483 2134 regina,
522 2089 651 2120 nova
685 2089 879 2135 pugnae
915 2074 1176 2122 conterrita
1211 2084 1353 2131 sorte,
1642 2122 1646 2125 .

141 2140 325 2197 Flebat,
365 2151 412 2186 et
449 2141 701 2186 ardentem
737 2156 971 2201 generum
1007 2140 1238 2188 moritura
1273 2142 1495 2188 tenebat:
1727 2155 1783 2200 55

140 2207 352 2263 ⁴Turne,
390 2222 476 2266 per
509 2207 596 2252 has
634 2222 726 2266 ego
762 2217 810 2254 te
846 2207 1081 2266 lacrimas,
1119 2224 1207 2269 per
1242 2208 1281 2254 si
1317 2206 1423 2268 quis
1461 2210 1665 2252 Amatae

141 2272 351 2333 ‘Tangit
387 2273 545 2319 honos
583 2272 999 2334 animum,—-spes
1034 2283 1087 2320 tu
1123 2290 1255 2320 nunc
1291 2290 1401 2332 una,
1429 2282 1654 2320 senectae

140 2343 150 2362 ⁴
171 2340 250 2385 Tu
286 2339 478 2400 requies
514 2339 717 2386 miserae
729 2356 742 2397 3
778 2340 928 2387 decus
954 2339 1310 2401 imperiumque
1347 2339 1506 2387 Latini

141 2407 244 2452 ‘Te
279 2421 430 2466 penes
442 2422 455 2462 3
491 2405 541 2451 in
578 2416 624 2452 te
663 2405 821 2452 omnis
858 2407 1035 2453 domus
1071 2407 1302 2453 inclinata
1336 2404 1643 2453 recumbit——

140 2476 150 2496 ⁴
172 2472 343 2518 Unum
381 2487 486 2519 oro:
525 2471 704 2519 desiste
740 2489 941 2519 manum
978 2473 1282 2520 committere
1319 2471 1534 2520 Teucris.
1726 2472 1785 2515 60

140 2544 150 2562 ⁴
172 2537 269 2598 Qui
303 2547 352 2586 te
388 2554 600 2598 cumque
636 2548 835 2585 manent
871 2538 963 2586 isto
1000 2539 1260 2586 certamine
1300 2554 1452 2595 casus,

142 2606 234 2652 ‘Et
269 2620 362 2662 me,
400 2606 579 2663 Turne,
620 2613 819 2652 manent
829 2623 843 2664 3
879 2605 1022 2652 simul
1057 2607 1179 2653 haec
1213 2604 1368 2652 invisa
1401 2604 1670 2665 relinquam

139 2671 393 2728 ‘Lumina‚
431 2686 525 2717 nec
559 2686 791 2731 generum
827 2673 1033 2719 Aenean
1069 2671 1258 2734 captiva
1294 2671 1505 2718 videbo.'

137 2738 341 2795 Accepit
377 2752 550 2785 vocem
586 2737 793 2784 lacrimis
831 2738 1033 2785 Lavinia
1068 2737 1233 2785 matris

138 2803 417 2861 Flagrantes
452 2804 645 2864 perfusa
680 2819 842 2864 genas,
881 2804 962 2851 cui
996 2804 1233 2866 plurimus
1268 2803 1429 2865 ignem
1723 2804 1780 2862 65
