1994 3055
143 103 203 145 24
551 85 609 131 P.
662 83 975 130 VERGJLI
1013 81 1362 130 MARONJS

133 193 282 252 Dixit,
323 201 370 240 et
405 191 633 239 adversos
669 190 821 236 telum
858 186 1094 234 contorsit
1128 186 1178 232 in
1214 187 1381 234 hostes

131 263 448 319 Ρ100111101153
483 256 698 305 sonitum
734 255 818 302 dat
852 254 1052 301 stridula
1087 269 1279 313 cornus,
1317 262 1366 301 et
1400 270 1539 303 auras

133 329 279 376 Certa
314 334 458 373 secat.
531 323 685 371 Simul
719 322 829 378 hoc,
868 320 1011 367 simul
1048 320 1218 382 ingens
1255 322 1453 379 clamor,
1491 330 1540 369 et
1576 337 1748 369 omnes

130 392 336 441 Turbati
371 390 528 449 cunei,
568 390 898 449 calefactaque
935 387 1085 435 corda
1120 388 1345 434 tumultu.

132 463 293 508 Hasta
328 461 512 516 volans,
549 465 603 504 ut
638 457 760 503 forte
796 470 975 502 novem
1010 453 1335 515 pulcherrima
1370 455 1567 500 fratrum
1687 467 1780 513 270

132 529 350 589 Corpora
385 523 701 572 constiterant
735 530 917 580 contra,
954 537 1077 583 quos
1114 521 1211 567 fida
1247 530 1429 567 crearat

133 596 248 642 Una
282 602 355 640 tot
390 590 601 638 Arcadio
638 588 853 637 coniunx
888 589 1138 650 Tyrrhena
1175 587 1402 648 Gylippo,

132 663 328 707 Horum
364 674 518 705 unum
554 658 617 704 ad
652 655 885 713 medium,
924 654 1091 702 teritur
1126 670 1223 715 qua
1259 654 1414 700 sutilis
1449 655 1559 701 alvo

131 728 328 775 Balteus
365 734 413 773 et
447 726 654 772 laterum
689 723 936 770 iuncturas
973 722 1123 768 fibula
1158 722 1363 777 mordet,

130 792 392 856 Egregium
426 793 581 840 forma
616 790 844 837 iuvenem
881 797 929 836 et
963 787 1260 849 fulgentibus
1296 786 1455 846 armis,
1689 800 1744 848 27
1754 803 1778 850 5

129 859 440 921 Transadigit
476 867 649 932 costas,
688 858 916 918 fulvaque
953 853 1159 902 effundit
1194 870 1354 902 arena.

128 930 196 975 At
230 929 412 985 fratres,
450 925 674 972 animosa
707 924 920 985 phalanx
955 937 1261 982 accensaque
1297 922 1446 979 luctu,

131 997 246 1042 Pars
280 965 468 1055 gladios
505 991 746 1053 stringunt
781 989 1021 1046 manibus,
1059 1004 1168 1050 pars
1205 987 1385 1036 missile
1420 959 1596 1036 f'errum

130 1059 422 1123 Corripiunt,
462 1058 692 1120 caecique
728 1066 886 1104 11111111.
962 1027 1100 1115 Qiios
1137 1054 1332 1117 agmina
1367 1064 1536 1102 contra

130 1131 426 1176 Procurrunt
461 1121 791 1183 Laurentum}
820 1123 935 1170 hinc
971 1122 1110 1170 densi
1145 1138 1306 1170 rursus
1342 1122 1583 1169 inundant
1688 1123 1782 1167 280

128 1197 282 1243 Troes
318 1192 632 1256 Agyllinique
669 1200 718 1239 et
752 1190 894 1253 pictis
929 1190 1147 1236 Arcades
1182 1189 1339 1236 armis.

129 1262 207 1310 Sic
242 1277 413 1309 omnes
448 1276 586 1308 amor
619 1274 747 1305 unus
783 1258 933 1304 habet
968 1257 1230 1304 decernere
1266 1257 1403 1303 ferro.

130 1328 388 1391 Diripuere
423 1343 550 1385 31353
586 1325 623 1373 it
659 1334 764 1373 toto
800 1323 995 1372 turbida
1031 1323 1168 1370 caelo

128 1398 420 1457 Tempestas
455 1396 679 1452 telorum,
718 1408 776 1439 ac
810 1393 989 1439 ferreus
1024 1389 1205 1463 ingruit
1238 1389 1416 1451 imber,

131 1465 453 1524 Craterasque
487 1462 722 1521 focosque
758 1460 931 1506 ferunt.
1005 1456 1150 1518 Fugit
1185 1456 1289 1518 ipse
1327 1456 1531 1505 Latinus
1688 1458 1779 1518 285

131 1532 356 1577 Pulsatos
390 1530 600 1576 referens
637 1527 817 1574 infecto
852 1525 1050 1572 foedere
1088 1524 1239 1571 divos

130 1599 385 1645 Infrenant
419 1595 500 1643 alii
536 1609 716 1652 currus,
755 1601 839 1640 aut
874 1607 1079 1653 corpora
1115 1592 1239 1638 saltu

130 1663 406 1712 Subiiciunt
440 1662 491 1709 in
527 1677 695 1723 equos,
734 1669 782 1707 et
819 1658 993 1707 strictis
1032 1657 1227 1705 ensibus
1264 1658 1456 1705 adsunt.

129 1734 390 1792 Messapus
426 1745 592 1791 regem
627 1726 851 1789 regisque
885 1725 1074 1788 insigne
1110 1734 1374 1787 gerentem,

127 1799 435 1860 Tyrrhenum
471 1797 724 1854 Aulesten,
761 1793 932 1841 avidus
969 1792 1270 1840 confundere
1306 1792 1480 1840 foedus
1687 1810 1781 1855 290

129 1866 348 1913 Adverso
383 1871 620 1926 proterret
656 1878 810 1924 equo,
843 1859 938 1907 ruit
973 1859 1054 1907 ille
1090 1860 1338 1917 recedens,

129 1935 192 1980 Et
227 1932 373 1979 miser
408 1929 647 2006 oppositis
683 1946 712 1975 a
746 1937 881 1990 tergo
916 1925 1177 1974 involvitur
1211 1925 1302 1972 aris

129 2001 190 2046 In
225 2007 372 2060 caput
405 1999 555 2060 inque
588 1998 832 2043 humeros.
905 1997 971 2041 At
1005 1993 1216 2041 fervidus
1251 1993 1446 2041 advolat
1479 1994 1619 2041 hasta

130 2069 405 2127 Messapus,
443 2067 643 2126 teloque
680 2071 902 2111 orantem
937 2062 1092 2108 multa
1127 2059 1299 2107 trabali
1665 2102 1669 2106 ,

129 2135 356 2194 Desuper
390 2133 514 2179 altus
551 2147 679 2193 equo
715 2128 924 2192 graviter
956 2127 1079 2186 ferit,
1116 2136 1264 2188 atque
1300 2126 1367 2174 ita
1401 2128 1546 2174 fatur:
1687 2142 1776 2189 295

130 2202 276 2247 ‘Hoc
310 2201 483 2257 11311013
518 2199 641 2245 11300
676 2196 848 2244 11101101
883 2194 1071 2256 magnis
1108 2195 1222 2241 data
1255 2193 1454 2241 victima
1489 2193 1640 2242 divisss

129 2267 441 2315 Concurrunt
478 2265 604 2324 Itali,
644 2263 954 2325 spoliantque
992 2261 1200 2308 calentia
1235 2263 1466 2308 membra.

128 2333 317 2383 Obvius
352 2334 632 2380 ambustum
668 2340 848 2379 torrem
886 2330 1168 2390 Corynaeus
1205 2329 1267 2374 ab
1303 2344 1384 2374 ara

129 2400 355 2461 Corripit,
396 2408 442 2447 et
477 2398 692 2446 venienti
732 2398 897 2458 Ebyso
934 2398 1226 2457 plagamque
1262 2394 1434 2441 ferenti

128 2469 353 2528 Occupat
389 2482 442 2514 os
478 2465 686 2512 flammis
695 2483 708 2525 3
746 2463 828 2512 olli
864 2463 1036 2524 ingens
1071 2463 1222 2508 barba
1256 2461 1444 2519 reluxit,
1684 2478 1780 2523 300

127 2534 469 2595 Nidoremque
507 2534 732 2580 ambusta
769 2530 927 2589 dedit,
963 2545 1108 2603 super
1143 2528 1246 2590 ipse
1282 2536 1478 2575 secutus

128 2600 410 2649 Caesariem
446 2601 583 2646 laeva
619 2598 798 2646 turbati
834 2596 1030 2658 corripit
1065 2595 1230 2654 hostis,

128 2670 456 2730 Inpressoque
492 2683 619 2727 genu
656 2665 815 2712 nitens
852 2674 1006 2711 terrae
1042 2661 1254 2724 adplicat
1290 2661 1480 2723 ipsum,

128 2735 205 2782 Sic
240 2734 395 2796 rigido
431 2735 556 2779 latus
594 2749 708 2779 ense
747 2731 862 2779 ferit.
941 2729 1213 2777 Podalirius
1249 2731 1437 2787 Alsum,

128 2803 396 2859 Pastorem,
432 2799 686 2861 primaque
722 2798 825 2845 acie
860 2813 946 2859 per
979 2798 1076 2843 1013
1110 2804 1345 2853 ruentem,
1685 2811 1775 2857 305
