<?xml version="1.0" encoding="UTF-8"?>
<!DOCTYPE html PUBLIC "-//W3C//DTD XHTML 1.0 Transitional//EN"
    "http://www.w3.org/TR/xhtml1/DTD/xhtml1-transitional.dtd">
<html xmlns="http://www.w3.org/1999/xhtml" xml:lang="en" lang="en">
 <head>
  <title>
</title>
<meta http-equiv="Content-Type" content="text/html;charset=utf-8" />
  <meta name='ocr-system' content='tesseract 3.04.00' />
  <meta name='ocr-capabilities' content='ocr_page ocr_carea ocr_par ocr_line ocrx_word'/>
</head>
<body>
  <div class='ocr_page' id='page_1' title='image "aeneidbookxii00virguoft_0025.png"; bbox 0 0 1994 3055; ppageno 0'>
   <div class='ocr_carea' id='block_1_1' title="bbox 681 94 1859 144">
    <p class='ocr_par' dir='ltr' id='par_1_1' title="bbox 681 94 1859 144">
     <span class='ocr_line' id='line_1_1' title="bbox 681 94 1859 144; baseline 0.004 -5"><span class='ocrx_word' id='word_1_1' title='bbox 681 94 1073 143; x_wconf 82' lang='lat' dir='ltr'><em>AENEIDOS</em></span> <span class='ocrx_word' id='word_1_2' title='bbox 1114 96 1253 143; x_wconf 86' lang='lat' dir='ltr'><em>LIB.</em></span> <span class='ocrx_word' id='word_1_3' title='bbox 1293 97 1415 142; x_wconf 85' lang='lat' dir='ltr'><em>XII.</em></span> <span class='ocrx_word' id='word_1_4' title='bbox 1804 115 1826 144; x_wconf 88' lang='lat'>2</span> <span class='ocrx_word' id='word_1_5' title='bbox 1839 114 1859 144; x_wconf 92' lang='lat'>1</span> 
     </span>
    </p>
   </div>
   <div class='ocr_carea' id='block_1_2' title="bbox 225 197 1868 2835">
    <p class='ocr_par' dir='ltr' id='par_1_2' title="bbox 232 197 1586 258">
     <span class='ocr_line' id='line_1_2' title="bbox 232 197 1586 258; baseline 0.003 -12"><span class='ocrx_word' id='word_1_6' title='bbox 232 197 413 248; x_wconf 90' lang='lat' dir='ltr'>‘Disce</span> <span class='ocrx_word' id='word_1_7' title='bbox 447 209 601 258; x_wconf 89' lang='lat' dir='ltr'>tuum,</span> <span class='ocrx_word' id='word_1_8' title='bbox 638 215 701 247; x_wconf 89' lang='lat' dir='ltr'>ne</span> <span class='ocrx_word' id='word_1_9' title='bbox 737 215 815 248; x_wconf 92' lang='lat' dir='ltr'>me</span> <span class='ocrx_word' id='word_1_10' title='bbox 850 200 1055 258; x_wconf 89' lang='lat' dir='ltr'>incuses,</span> <span class='ocrx_word' id='word_1_11' title='bbox 1096 203 1314 258; x_wconf 76' lang='lat' dir='ltr'>Iuturna,</span> <span class='ocrx_word' id='word_1_12' title='bbox 1353 201 1586 250; x_wconf 89' lang='lat' dir='ltr'>dolorem.</span> 
     </span>
    </p>

    <p class='ocr_par' dir='ltr' id='par_1_3' title="bbox 232 264 1555 328">
     <span class='ocr_line' id='line_1_3' title="bbox 232 264 1555 328; baseline 0.002 -16"><span class='ocrx_word' id='word_1_13' title='bbox 232 266 374 326; x_wconf 89' lang='lat' dir='ltr'>‘Qua</span> <span class='ocrx_word' id='word_1_14' title='bbox 408 264 510 312; x_wconf 92' lang='lat' dir='ltr'>visa</span> <span class='ocrx_word' id='word_1_15' title='bbox 545 274 617 313; x_wconf 93' lang='lat' dir='ltr'>est</span> <span class='ocrx_word' id='word_1_16' title='bbox 651 267 844 313; x_wconf 89' lang='lat' dir='ltr'>fortuna</span> <span class='ocrx_word' id='word_1_17' title='bbox 879 266 979 327; x_wconf 90' lang='lat' dir='ltr'>pati</span> <span class='ocrx_word' id='word_1_18' title='bbox 1016 269 1295 328; x_wconf 83' lang='lat' dir='ltr'>Parcaeque</span> <span class='ocrx_word' id='word_1_19' title='bbox 1331 267 1555 315; x_wconf 81' lang='lat' dir='ltr'>sinebant</span> 
     </span>
    </p>

    <p class='ocr_par' dir='ltr' id='par_1_4' title="bbox 231 324 1603 390">
     <span class='ocr_line' id='line_1_4' title="bbox 231 324 1603 390; baseline 0.002 -12"><span class='ocrx_word' id='word_1_20' title='bbox 231 324 450 378; x_wconf 85' lang='lat' dir='ltr'>‘Cedere</span> <span class='ocrx_word' id='word_1_21' title='bbox 485 347 558 378; x_wconf 90' lang='lat' dir='ltr'>res</span> <span class='ocrx_word' id='word_1_22' title='bbox 595 331 752 390; x_wconf 91' lang='lat' dir='ltr'>Latio,</span> <span class='ocrx_word' id='word_1_23' title='bbox 788 332 1010 378; x_wconf 89' lang='lat' dir='ltr'>Turnum</span> <span class='ocrx_word' id='word_1_24' title='bbox 1047 342 1095 379; x_wconf 90' lang='lat' dir='ltr'>et</span> <span class='ocrx_word' id='word_1_25' title='bbox 1130 343 1214 380; x_wconf 90' lang='lat' dir='ltr'>tua</span> <span class='ocrx_word' id='word_1_26' title='bbox 1247 332 1441 380; x_wconf 87' lang='lat' dir='ltr'>moenia</span> <span class='ocrx_word' id='word_1_27' title='bbox 1476 333 1603 382; x_wconf 84' lang='lat' dir='ltr'>texi:</span> 
     </span>
    </p>

    <p class='ocr_par' dir='ltr' id='par_1_5' title="bbox 232 396 1614 459">
     <span class='ocr_line' id='line_1_5' title="bbox 232 396 1614 459; baseline 0.003 -17"><span class='ocrx_word' id='word_1_28' title='bbox 232 398 410 443; x_wconf 83' lang='lat' dir='ltr'>‘Nunc</span> <span class='ocrx_word' id='word_1_29' title='bbox 445 396 671 445; x_wconf 87' lang='lat' dir='ltr'>iuvenem</span> <span class='ocrx_word' id='word_1_30' title='bbox 706 397 954 459; x_wconf 84' lang='lat' dir='ltr'>inparibus</span> <span class='ocrx_word' id='word_1_31' title='bbox 990 397 1133 445; x_wconf 90' lang='lat' dir='ltr'>video</span> <span class='ocrx_word' id='word_1_32' title='bbox 1169 414 1454 446; x_wconf 89' lang='lat' dir='ltr'>concurrere</span> <span class='ocrx_word' id='word_1_33' title='bbox 1490 399 1614 458; x_wconf 89' lang='lat' dir='ltr'>fatis,</span> 
     </span>
    </p>

    <p class='ocr_par' dir='ltr' id='par_1_6' title="bbox 232 462 1868 527">
     <span class='ocr_line' id='line_1_6' title="bbox 232 462 1868 527; baseline 0.002 -19"><span class='ocrx_word' id='word_1_34' title='bbox 232 464 616 524; x_wconf 84' lang='lat' dir='ltr'>‘Parcarumque</span> <span class='ocrx_word' id='word_1_35' title='bbox 653 463 755 511; x_wconf 92' lang='lat' dir='ltr'>dies</span> <span class='ocrx_word' id='word_1_36' title='bbox 792 473 839 510; x_wconf 90' lang='lat' dir='ltr'>et</span> <span class='ocrx_word' id='word_1_37' title='bbox 873 462 943 510; x_wconf 90' lang='lat' dir='ltr'>vis</span> <span class='ocrx_word' id='word_1_38' title='bbox 980 463 1175 510; x_wconf 89' lang='lat' dir='ltr'>inimica</span> <span class='ocrx_word' id='word_1_39' title='bbox 1210 464 1513 525; x_wconf 85' lang='lat' dir='ltr'>propinquat.</span> <span class='ocrx_word' id='word_1_40' title='bbox 1778 480 1868 527; x_wconf 85' lang='lat'>150</span> 
     </span>
    </p>

    <p class='ocr_par' dir='ltr' id='par_1_7' title="bbox 233 529 1862 592">
     <span class='ocr_line' id='line_1_7' title="bbox 233 529 1862 592; baseline 0.003 -18"><span class='ocrx_word' id='word_1_41' title='bbox 233 530 377 576; x_wconf 90' lang='lat' dir='ltr'>‘Non</span> <span class='ocrx_word' id='word_1_42' title='bbox 406 545 616 590; x_wconf 86' lang='lat' dir='ltr'>pugnam</span> <span class='ocrx_word' id='word_1_43' title='bbox 650 529 899 590; x_wconf 85' lang='lat' dir='ltr'>adspicere</span> <span class='ocrx_word' id='word_1_44' title='bbox 937 531 1063 575; x_wconf 90' lang='lat' dir='ltr'>hanc</span> <span class='ocrx_word' id='word_1_45' title='bbox 1099 530 1263 588; x_wconf 88' lang='lat' dir='ltr'>oculis,</span> <span class='ocrx_word' id='word_1_46' title='bbox 1292 546 1391 576; x_wconf 92' lang='lat' dir='ltr'>non</span> <span class='ocrx_word' id='word_1_47' title='bbox 1426 531 1621 578; x_wconf 79' lang='lat' dir='ltr'>foedera</span> <span class='ocrx_word' id='word_1_48' title='bbox 1657 547 1862 592; x_wconf 89' lang='lat' dir='ltr'>possum.</span> 
     </span>
    </p>

    <p class='ocr_par' dir='ltr' id='par_1_8' title="bbox 231 594 1489 656">
     <span class='ocr_line' id='line_1_8' title="bbox 231 594 1489 656; baseline 0.002 -16"><span class='ocrx_word' id='word_1_49' title='bbox 231 596 337 641; x_wconf 88' lang='lat' dir='ltr'>‘Tu</span> <span class='ocrx_word' id='word_1_50' title='bbox 374 611 460 655; x_wconf 93' lang='lat' dir='ltr'>pro</span> <span class='ocrx_word' id='word_1_51' title='bbox 495 610 726 655; x_wconf 85' lang='lat' dir='ltr'>germano</span> <span class='ocrx_word' id='word_1_52' title='bbox 763 596 800 642; x_wconf 88' lang='lat' dir='ltr'>si</span> <span class='ocrx_word' id='word_1_53' title='bbox 838 594 955 656; x_wconf 87' lang='lat' dir='ltr'>quid</span> <span class='ocrx_word' id='word_1_54' title='bbox 991 596 1289 656; x_wconf 87' lang='lat' dir='ltr'>praesentius</span> <span class='ocrx_word' id='word_1_55' title='bbox 1325 596 1489 653; x_wconf 88' lang='lat' dir='ltr'>audes,</span> 
     </span>
    </p>

    <p class='ocr_par' dir='ltr' id='par_1_9' title="bbox 231 661 1685 722">
     <span class='ocr_line' id='line_1_9' title="bbox 231 661 1685 722; baseline 0.002 -16"><span class='ocrx_word' id='word_1_56' title='bbox 231 663 438 722; x_wconf 74' lang='lat' dir='ltr'>‘Perge5</span> <span class='ocrx_word' id='word_1_57' title='bbox 474 662 628 708; x_wconf 90' lang='lat' dir='ltr'>decet.</span> <span class='ocrx_word' id='word_1_58' title='bbox 704 663 886 708; x_wconf 84' lang='lat' dir='ltr'>Forsan</span> <span class='ocrx_word' id='word_1_59' title='bbox 923 661 1123 708; x_wconf 87' lang='lat' dir='ltr'>miseros</span> <span class='ocrx_word' id='word_1_60' title='bbox 1160 661 1358 708; x_wconf 85' lang='lat' dir='ltr'>meliora</span> <span class='ocrx_word' id='word_1_61' title='bbox 1394 665 1685 722; x_wconf 87' lang='lat' dir='ltr'>sequentur.&#39;</span> 
     </span>
    </p>

    <p class='ocr_par' dir='ltr' id='par_1_10' title="bbox 231 726 1528 788">
     <span class='ocr_line' id='line_1_10' title="bbox 231 726 1528 788; baseline 0.003 -18"><span class='ocrx_word' id='word_1_62' title='bbox 231 726 323 772; x_wconf 81' lang='lat' dir='ltr'>Vix</span> <span class='ocrx_word' id='word_1_63' title='bbox 357 742 435 774; x_wconf 87' lang='lat' dir='ltr'>ea:</span> <span class='ocrx_word' id='word_1_64' title='bbox 473 743 582 773; x_wconf 88' lang='lat' dir='ltr'>curn</span> <span class='ocrx_word' id='word_1_65' title='bbox 619 727 839 774; x_wconf 84' lang='lat' dir='ltr'>lacrimas</span> <span class='ocrx_word' id='word_1_66' title='bbox 876 727 1029 774; x_wconf 89' lang='lat' dir='ltr'>oculis</span> <span class='ocrx_word' id='word_1_67' title='bbox 1067 729 1268 773; x_wconf 85' lang='lat' dir='ltr'>Iuturna</span> <span class='ocrx_word' id='word_1_68' title='bbox 1304 728 1528 788; x_wconf 87' lang='lat' dir='ltr'>profudit,</span> 
     </span>
    </p>

    <p class='ocr_par' dir='ltr' id='par_1_11' title="bbox 227 793 1862 855">
     <span class='ocr_line' id='line_1_11' title="bbox 227 793 1862 855; baseline 0.001 -17"><span class='ocrx_word' id='word_1_69' title='bbox 227 793 422 853; x_wconf 89' lang='lat' dir='ltr'>Terque</span> <span class='ocrx_word' id='word_1_70' title='bbox 458 802 725 854; x_wconf 87' lang='lat' dir='ltr'>quaterque</span> <span class='ocrx_word' id='word_1_71' title='bbox 761 809 908 839; x_wconf 90' lang='lat' dir='ltr'>manu</span> <span class='ocrx_word' id='word_1_72' title='bbox 943 803 1112 854; x_wconf 89' lang='lat' dir='ltr'>pectus</span> <span class='ocrx_word' id='word_1_73' title='bbox 1148 793 1381 853; x_wconf 79' lang='lat' dir='ltr'>percussit</span> <span class='ocrx_word' id='word_1_74' title='bbox 1418 795 1688 841; x_wconf 88' lang='lat' dir='ltr'>honestum.</span> <span class='ocrx_word' id='word_1_75' title='bbox 1776 807 1862 855; x_wconf 81' lang='lat'>155</span> 
     </span>
    </p>

    <p class='ocr_par' dir='ltr' id='par_1_12' title="bbox 229 858 1559 920">
     <span class='ocr_line' id='line_1_12' title="bbox 229 858 1559 920; baseline 0.002 -16"><span class='ocrx_word' id='word_1_76' title='bbox 229 859 377 906; x_wconf 92' lang='lat' dir='ltr'>‘Non</span> <span class='ocrx_word' id='word_1_77' title='bbox 413 858 620 905; x_wconf 86' lang='lat' dir='ltr'>lacrimis</span> <span class='ocrx_word' id='word_1_78' title='bbox 659 861 751 906; x_wconf 82' lang='lat' dir='ltr'>hoc</span> <span class='ocrx_word' id='word_1_79' title='bbox 787 861 1005 920; x_wconf 86' lang='lat' dir='ltr'>tempus‚’</span> <span class='ocrx_word' id='word_1_80' title='bbox 1042 859 1106 905; x_wconf 90' lang='lat' dir='ltr'>ait</span> <span class='ocrx_word' id='word_1_81' title='bbox 1143 859 1362 906; x_wconf 86' lang='lat' dir='ltr'>Saturnia</span> <span class='ocrx_word' id='word_1_82' title='bbox 1400 862 1559 918; x_wconf 81' lang='lat' dir='ltr'>Iuno3</span> 
     </span>
    </p>

    <p class='ocr_par' dir='ltr' id='par_1_13' title="bbox 227 924 1660 986">
     <span class='ocr_line' id='line_1_13' title="bbox 227 924 1660 986; baseline 0.001 -15"><span class='ocrx_word' id='word_1_83' title='bbox 227 925 511 980; x_wconf 90' lang='lat' dir='ltr'>‘Adcelera‚</span> <span class='ocrx_word' id='word_1_84' title='bbox 550 934 597 972; x_wconf 92' lang='lat' dir='ltr'>et</span> <span class='ocrx_word' id='word_1_85' title='bbox 633 927 838 982; x_wconf 85' lang='lat' dir='ltr'>fratrem,</span> <span class='ocrx_word' id='word_1_86' title='bbox 879 925 915 972; x_wconf 90' lang='lat' dir='ltr'>si</span> <span class='ocrx_word' id='word_1_87' title='bbox 954 925 1061 985; x_wconf 87' lang='lat' dir='ltr'>quis</span> <span class='ocrx_word' id='word_1_88' title='bbox 1097 926 1288 981; x_wconf 88' lang='lat' dir='ltr'>modus,</span> <span class='ocrx_word' id='word_1_89' title='bbox 1328 924 1455 986; x_wconf 90' lang='lat' dir='ltr'>eripe</span> <span class='ocrx_word' id='word_1_90' title='bbox 1492 925 1660 984; x_wconf 88' lang='lat' dir='ltr'>morti;</span> 
     </span>
    </p>

    <p class='ocr_par' dir='ltr' id='par_1_14' title="bbox 230 991 1587 1051">
     <span class='ocr_line' id='line_1_14' title="bbox 230 991 1587 1051; baseline 0.003 -15"><span class='ocrx_word' id='word_1_91' title='bbox 230 993 357 1038; x_wconf 87' lang='lat' dir='ltr'>‘Aut</span> <span class='ocrx_word' id='word_1_92' title='bbox 392 1000 443 1038; x_wconf 93' lang='lat' dir='ltr'>tu</span> <span class='ocrx_word' id='word_1_93' title='bbox 479 992 608 1038; x_wconf 92' lang='lat' dir='ltr'>bella</span> <span class='ocrx_word' id='word_1_94' title='bbox 643 991 729 1048; x_wconf 88' lang='lat' dir='ltr'>cie,</span> <span class='ocrx_word' id='word_1_95' title='bbox 769 1002 1159 1051; x_wconf 83' lang='lat' dir='ltr'>conceptumque</span> <span class='ocrx_word' id='word_1_96' title='bbox 1197 1001 1368 1038; x_wconf 84' lang='lat' dir='ltr'>excute</span> <span class='ocrx_word' id='word_1_97' title='bbox 1402 993 1587 1040; x_wconf 89' lang='lat' dir='ltr'>foedus.</span> 
     </span>
    </p>

    <p class='ocr_par' dir='ltr' id='par_1_15' title="bbox 231 1057 1500 1118">
     <span class='ocr_line' id='line_1_15' title="bbox 231 1057 1500 1118; baseline 0.002 -16"><span class='ocrx_word' id='word_1_98' title='bbox 231 1057 441 1103; x_wconf 90' lang='lat' dir='ltr'>‘Auctor</span> <span class='ocrx_word' id='word_1_99' title='bbox 475 1073 565 1118; x_wconf 85' lang='lat' dir='ltr'>ego</span> <span class='ocrx_word' id='word_1_100' title='bbox 601 1058 842 1104; x_wconf 88' lang='lat' dir='ltr'>audendi.&#39;</span> <span class='ocrx_word' id='word_1_101' title='bbox 913 1057 990 1104; x_wconf 84' lang='lat' dir='ltr'>Sic</span> <span class='ocrx_word' id='word_1_102' title='bbox 1027 1058 1275 1104; x_wconf 83' lang='lat' dir='ltr'>exhortata</span> <span class='ocrx_word' id='word_1_103' title='bbox 1311 1057 1500 1118; x_wconf 86' lang='lat' dir='ltr'>reliquit</span> 
     </span>
    </p>

    <p class='ocr_par' dir='ltr' id='par_1_16' title="bbox 233 1124 1867 1251">
     <span class='ocr_line' id='line_1_16' title="bbox 233 1124 1867 1171; baseline 0.001 -3"><span class='ocrx_word' id='word_1_104' title='bbox 233 1124 471 1170; x_wconf 83' lang='lat' dir='ltr'>Incertam</span> <span class='ocrx_word' id='word_1_105' title='bbox 507 1133 555 1171; x_wconf 91' lang='lat' dir='ltr'>et</span> <span class='ocrx_word' id='word_1_106' title='bbox 590 1124 709 1170; x_wconf 86' lang='lat' dir='ltr'>tristi</span> <span class='ocrx_word' id='word_1_107' title='bbox 746 1126 986 1170; x_wconf 86' lang='lat' dir='ltr'>turbatam</span> <span class='ocrx_word' id='word_1_108' title='bbox 1022 1125 1217 1171; x_wconf 89' lang='lat' dir='ltr'>volnere</span> <span class='ocrx_word' id='word_1_109' title='bbox 1254 1124 1440 1170; x_wconf 89' lang='lat' dir='ltr'>mentis.</span> <span class='ocrx_word' id='word_1_110' title='bbox 1776 1126 1867 1171; x_wconf 82' lang='lat'>160</span> 
     </span>
     <span class='ocr_line' id='line_1_17' title="bbox 294 1189 1295 1251; baseline 0.001 -16"><span class='ocrx_word' id='word_1_111' title='bbox 294 1190 487 1236; x_wconf 91' lang='lat' dir='ltr'>Interea</span> <span class='ocrx_word' id='word_1_112' title='bbox 521 1206 669 1251; x_wconf 73' lang='lat' dir='ltr'>regeS,</span> <span class='ocrx_word' id='word_1_113' title='bbox 709 1190 892 1251; x_wconf 83' lang='lat' dir='ltr'>ingenti</span> <span class='ocrx_word' id='word_1_114' title='bbox 929 1191 1057 1236; x_wconf 89' lang='lat' dir='ltr'>mole</span> <span class='ocrx_word' id='word_1_115' title='bbox 1095 1189 1295 1236; x_wconf 86' lang='lat' dir='ltr'>Latinus</span> 
     </span>
    </p>

    <p class='ocr_par' dir='ltr' id='par_1_17' title="bbox 228 1256 1514 1316">
     <span class='ocr_line' id='line_1_18' title="bbox 228 1256 1514 1316; baseline 0 -15"><span class='ocrx_word' id='word_1_116' title='bbox 228 1256 528 1316; x_wconf 85' lang='lat' dir='ltr'>Quadriiugo</span> <span class='ocrx_word' id='word_1_117' title='bbox 553 1256 738 1303; x_wconf 89' lang='lat' dir='ltr'>vehitur</span> <span class='ocrx_word' id='word_1_118' title='bbox 776 1272 928 1311; x_wconf 88' lang='lat' dir='ltr'>curru,</span> <span class='ocrx_word' id='word_1_119' title='bbox 969 1256 1046 1302; x_wconf 89' lang='lat' dir='ltr'>cui</span> <span class='ocrx_word' id='word_1_120' title='bbox 1083 1265 1301 1316; x_wconf 86' lang='lat' dir='ltr'>tempora</span> <span class='ocrx_word' id='word_1_121' title='bbox 1337 1256 1514 1302; x_wconf 89' lang='lat' dir='ltr'>circum</span> 
     </span>
    </p>

    <p class='ocr_par' dir='ltr' id='par_1_18' title="bbox 229 1320 1295 1382">
     <span class='ocr_line' id='line_1_19' title="bbox 229 1320 1295 1382; baseline 0.001 -15"><span class='ocrx_word' id='word_1_122' title='bbox 229 1320 396 1368; x_wconf 89' lang='lat' dir='ltr'>Aurati</span> <span class='ocrx_word' id='word_1_123' title='bbox 430 1321 504 1369; x_wconf 92' lang='lat' dir='ltr'>bis</span> <span class='ocrx_word' id='word_1_124' title='bbox 540 1337 623 1369; x_wconf 82' lang='lat' dir='ltr'>sex</span> <span class='ocrx_word' id='word_1_125' title='bbox 657 1321 778 1369; x_wconf 88' lang='lat' dir='ltr'>radii</span> <span class='ocrx_word' id='word_1_126' title='bbox 814 1321 1046 1381; x_wconf 82' lang='lat' dir='ltr'>fulgentia</span> <span class='ocrx_word' id='word_1_127' title='bbox 1082 1321 1295 1382; x_wconf 85' lang='lat' dir='ltr'>cingunt,</span> 
     </span>
    </p>

    <p class='ocr_par' dir='ltr' id='par_1_19' title="bbox 227 1386 1480 1449">
     <span class='ocr_line' id='line_1_20' title="bbox 227 1386 1480 1449; baseline -0.001 -15"><span class='ocrx_word' id='word_1_128' title='bbox 227 1387 350 1434; x_wconf 92' lang='lat' dir='ltr'>Solis</span> <span class='ocrx_word' id='word_1_129' title='bbox 384 1387 460 1434; x_wconf 89' lang='lat' dir='ltr'>avi</span> <span class='ocrx_word' id='word_1_130' title='bbox 497 1387 767 1448; x_wconf 78' lang='lat' dir='ltr'>specimen3</span> <span class='ocrx_word' id='word_1_131' title='bbox 801 1387 923 1449; x_wconf 82' lang='lat' dir='ltr'>bigis</span> <span class='ocrx_word' id='word_1_132' title='bbox 963 1388 996 1434; x_wconf 91' lang='lat' dir='ltr'>it</span> <span class='ocrx_word' id='word_1_133' title='bbox 1031 1390 1225 1434; x_wconf 87' lang='lat' dir='ltr'>Turnus</span> <span class='ocrx_word' id='word_1_134' title='bbox 1261 1387 1309 1433; x_wconf 93' lang='lat' dir='ltr'>in</span> <span class='ocrx_word' id='word_1_135' title='bbox 1345 1386 1480 1447; x_wconf 88' lang='lat' dir='ltr'>albis,</span> 
     </span>
    </p>

    <p class='ocr_par' dir='ltr' id='par_1_20' title="bbox 231 1452 1863 1515">
     <span class='ocr_line' id='line_1_21' title="bbox 231 1452 1863 1515; baseline 0.001 -17"><span class='ocrx_word' id='word_1_136' title='bbox 231 1452 348 1499; x_wconf 85' lang='lat' dir='ltr'>Bina</span> <span class='ocrx_word' id='word_1_137' title='bbox 383 1470 529 1500; x_wconf 91' lang='lat' dir='ltr'>manu</span> <span class='ocrx_word' id='word_1_138' title='bbox 566 1455 664 1501; x_wconf 91' lang='lat' dir='ltr'>lato</span> <span class='ocrx_word' id='word_1_139' title='bbox 701 1454 914 1515; x_wconf 84' lang='lat' dir='ltr'>crispans</span> <span class='ocrx_word' id='word_1_140' title='bbox 951 1453 1140 1500; x_wconf 87' lang='lat' dir='ltr'>hastilia</span> <span class='ocrx_word' id='word_1_141' title='bbox 1175 1455 1309 1500; x_wconf 87' lang='lat' dir='ltr'>ferro.</span> <span class='ocrx_word' id='word_1_142' title='bbox 1775 1456 1863 1515; x_wconf 85' lang='lat'>165</span> 
     </span>
    </p>

    <p class='ocr_par' dir='ltr' id='par_1_21' title="bbox 232 1519 1447 1580">
     <span class='ocr_line' id='line_1_22' title="bbox 232 1519 1447 1580; baseline 0.002 -16"><span class='ocrx_word' id='word_1_143' title='bbox 232 1519 364 1565; x_wconf 90' lang='lat' dir='ltr'>Hinc</span> <span class='ocrx_word' id='word_1_144' title='bbox 398 1529 534 1580; x_wconf 90' lang='lat' dir='ltr'>pater</span> <span class='ocrx_word' id='word_1_145' title='bbox 568 1522 775 1576; x_wconf 82' lang='lat' dir='ltr'>AeneaS,</span> <span class='ocrx_word' id='word_1_146' title='bbox 815 1522 1068 1566; x_wconf 87' lang='lat' dir='ltr'>Romanae</span> <span class='ocrx_word' id='word_1_147' title='bbox 1105 1519 1262 1580; x_wconf 87' lang='lat' dir='ltr'>stirpis</span> <span class='ocrx_word' id='word_1_148' title='bbox 1298 1519 1447 1580; x_wconf 88' lang='lat' dir='ltr'>origo,</span> 
     </span>
    </p>

    <p class='ocr_par' dir='ltr' id='par_1_22' title="bbox 227 1585 1453 1646">
     <span class='ocr_line' id='line_1_23' title="bbox 227 1585 1453 1646; baseline -0.001 -14"><span class='ocrx_word' id='word_1_149' title='bbox 227 1585 422 1632; x_wconf 87' lang='lat' dir='ltr'>Sidereo</span> <span class='ocrx_word' id='word_1_150' title='bbox 458 1586 661 1646; x_wconf 90' lang='lat' dir='ltr'>flagrans</span> <span class='ocrx_word' id='word_1_151' title='bbox 697 1586 854 1646; x_wconf 88' lang='lat' dir='ltr'>clipeo</span> <span class='ocrx_word' id='word_1_152' title='bbox 892 1597 938 1632; x_wconf 89' lang='lat' dir='ltr'>et</span> <span class='ocrx_word' id='word_1_153' title='bbox 975 1585 1263 1632; x_wconf 86' lang='lat' dir='ltr'>caelestibus</span> <span class='ocrx_word' id='word_1_154' title='bbox 1298 1586 1453 1643; x_wconf 89' lang='lat' dir='ltr'>armis,</span> 
     </span>
    </p>

    <p class='ocr_par' dir='ltr' id='par_1_23' title="bbox 229 1650 1551 1713">
     <span class='ocr_line' id='line_1_24' title="bbox 229 1650 1551 1713; baseline 0.002 -16"><span class='ocrx_word' id='word_1_155' title='bbox 229 1652 290 1697; x_wconf 92' lang='lat' dir='ltr'>Et</span> <span class='ocrx_word' id='word_1_156' title='bbox 323 1651 456 1697; x_wconf 84' lang='lat' dir='ltr'>iuxta</span> <span class='ocrx_word' id='word_1_157' title='bbox 489 1650 742 1710; x_wconf 87' lang='lat' dir='ltr'>Ascanius,</span> <span class='ocrx_word' id='word_1_158' title='bbox 781 1667 985 1713; x_wconf 84' lang='lat' dir='ltr'>magnae</span> <span class='ocrx_word' id='word_1_159' title='bbox 1021 1667 1128 1712; x_wconf 89' lang='lat' dir='ltr'>spes</span> <span class='ocrx_word' id='word_1_160' title='bbox 1164 1653 1310 1699; x_wconf 90' lang='lat' dir='ltr'>altera</span> <span class='ocrx_word' id='word_1_161' title='bbox 1349 1654 1551 1709; x_wconf 82' lang='lat' dir='ltr'>Romae,</span> 
     </span>
    </p>

    <p class='ocr_par' dir='ltr' id='par_1_24' title="bbox 230 1717 1494 1778">
     <span class='ocr_line' id='line_1_25' title="bbox 230 1717 1494 1778; baseline 0.002 -15"><span class='ocrx_word' id='word_1_162' title='bbox 230 1718 506 1764; x_wconf 87' lang='lat' dir='ltr'>Procedunt</span> <span class='ocrx_word' id='word_1_163' title='bbox 543 1717 722 1775; x_wconf 88' lang='lat' dir='ltr'>castris,</span> <span class='ocrx_word' id='word_1_164' title='bbox 760 1733 978 1778; x_wconf 89' lang='lat' dir='ltr'>puraque</span> <span class='ocrx_word' id='word_1_165' title='bbox 1014 1717 1063 1763; x_wconf 92' lang='lat' dir='ltr'>in</span> <span class='ocrx_word' id='word_1_166' title='bbox 1099 1727 1232 1764; x_wconf 89' lang='lat' dir='ltr'>veste</span> <span class='ocrx_word' id='word_1_167' title='bbox 1269 1719 1494 1766; x_wconf 82' lang='lat' dir='ltr'>sacerdos</span> 
     </span>
    </p>

    <p class='ocr_par' dir='ltr' id='par_1_25' title="bbox 226 1783 1865 1845">
     <span class='ocr_line' id='line_1_26' title="bbox 226 1783 1865 1845; baseline 0.001 -15"><span class='ocrx_word' id='word_1_168' title='bbox 226 1783 454 1844; x_wconf 87' lang='lat' dir='ltr'>Saetigeri</span> <span class='ocrx_word' id='word_1_169' title='bbox 490 1785 640 1830; x_wconf 90' lang='lat' dir='ltr'>fetum</span> <span class='ocrx_word' id='word_1_170' title='bbox 678 1783 774 1831; x_wconf 86' lang='lat' dir='ltr'>suis</span> <span class='ocrx_word' id='word_1_171' title='bbox 811 1784 1155 1844; x_wconf 89' lang='lat' dir='ltr'>intonsamque</span> <span class='ocrx_word' id='word_1_172' title='bbox 1192 1783 1442 1831; x_wconf 87' lang='lat' dir='ltr'>bidentem</span> <span class='ocrx_word' id='word_1_173' title='bbox 1776 1799 1865 1845; x_wconf 83' lang='lat'>170</span> 
     </span>
    </p>

    <p class='ocr_par' dir='ltr' id='par_1_26' title="bbox 230 1850 1433 1911">
     <span class='ocr_line' id='line_1_27' title="bbox 230 1850 1433 1911; baseline 0 -15"><span class='ocrx_word' id='word_1_174' title='bbox 230 1850 411 1905; x_wconf 84' lang='lat' dir='ltr'>Attulit,</span> <span class='ocrx_word' id='word_1_175' title='bbox 452 1850 764 1911; x_wconf 87' lang='lat' dir='ltr'>admovitque</span> <span class='ocrx_word' id='word_1_176' title='bbox 800 1866 947 1911; x_wconf 88' lang='lat' dir='ltr'>pecus</span> <span class='ocrx_word' id='word_1_177' title='bbox 983 1850 1293 1910; x_wconf 88' lang='lat' dir='ltr'>flagrantibus</span> <span class='ocrx_word' id='word_1_178' title='bbox 1329 1851 1433 1896; x_wconf 86' lang='lat' dir='ltr'>aris.</span> 
     </span>
    </p>

    <p class='ocr_par' dir='ltr' id='par_1_27' title="bbox 230 1915 1381 1977">
     <span class='ocr_line' id='line_1_28' title="bbox 230 1915 1381 1977; baseline 0 -16"><span class='ocrx_word' id='word_1_179' title='bbox 230 1915 306 1962; x_wconf 93' lang='lat' dir='ltr'>Illi</span> <span class='ocrx_word' id='word_1_180' title='bbox 341 1917 406 1963; x_wconf 90' lang='lat' dir='ltr'>ad</span> <span class='ocrx_word' id='word_1_181' title='bbox 442 1928 717 1977; x_wconf 86' lang='lat' dir='ltr'>surgentem</span> <span class='ocrx_word' id='word_1_182' title='bbox 754 1916 972 1963; x_wconf 81' lang='lat' dir='ltr'>conversi</span> <span class='ocrx_word' id='word_1_183' title='bbox 1012 1916 1194 1962; x_wconf 84' lang='lat' dir='ltr'>lumina</span> <span class='ocrx_word' id='word_1_184' title='bbox 1231 1918 1381 1963; x_wconf 90' lang='lat' dir='ltr'>solem</span> 
     </span>
    </p>

    <p class='ocr_par' dir='ltr' id='par_1_28' title="bbox 232 1982 1513 2043">
     <span class='ocr_line' id='line_1_29' title="bbox 232 1982 1513 2043; baseline 0.002 -16"><span class='ocrx_word' id='word_1_185' title='bbox 232 1983 361 2028; x_wconf 86' lang='lat' dir='ltr'>Dant</span> <span class='ocrx_word' id='word_1_186' title='bbox 395 1983 553 2043; x_wconf 86' lang='lat' dir='ltr'>fruges</span> <span class='ocrx_word' id='word_1_187' title='bbox 589 1982 812 2029; x_wconf 89' lang='lat' dir='ltr'>manibus</span> <span class='ocrx_word' id='word_1_188' title='bbox 850 1984 1010 2039; x_wconf 88' lang='lat' dir='ltr'>salsas,</span> <span class='ocrx_word' id='word_1_189' title='bbox 1051 1992 1097 2029; x_wconf 91' lang='lat' dir='ltr'>et</span> <span class='ocrx_word' id='word_1_190' title='bbox 1133 1991 1354 2043; x_wconf 88' lang='lat' dir='ltr'>tempora</span> <span class='ocrx_word' id='word_1_191' title='bbox 1390 1984 1513 2030; x_wconf 85' lang='lat' dir='ltr'>ferro</span> 
     </span>
    </p>

    <p class='ocr_par' dir='ltr' id='par_1_29' title="bbox 225 2048 1628 2109">
     <span class='ocr_line' id='line_1_30' title="bbox 225 2048 1628 2109; baseline 0.001 -14"><span class='ocrx_word' id='word_1_192' title='bbox 225 2049 422 2095; x_wconf 91' lang='lat' dir='ltr'>Summa</span> <span class='ocrx_word' id='word_1_193' title='bbox 456 2057 630 2095; x_wconf 89' lang='lat' dir='ltr'>notant</span> <span class='ocrx_word' id='word_1_194' title='bbox 665 2049 920 2109; x_wconf 83' lang='lat' dir='ltr'>pecudum,</span> <span class='ocrx_word' id='word_1_195' title='bbox 959 2048 1233 2109; x_wconf 90' lang='lat' dir='ltr'>paterisque</span> <span class='ocrx_word' id='word_1_196' title='bbox 1267 2049 1433 2095; x_wconf 90' lang='lat' dir='ltr'>altaria</span> <span class='ocrx_word' id='word_1_197' title='bbox 1467 2049 1628 2096; x_wconf 86' lang='lat' dir='ltr'>libant.</span> 
     </span>
    </p>

    <p class='ocr_par' dir='ltr' id='par_1_30' title="bbox 225 2113 1861 2177">
     <span class='ocr_line' id='line_1_31' title="bbox 225 2113 1861 2177; baseline 0.001 -17"><span class='ocrx_word' id='word_1_198' title='bbox 225 2115 353 2160; x_wconf 91' lang='lat' dir='ltr'>Tum</span> <span class='ocrx_word' id='word_1_199' title='bbox 387 2113 495 2176; x_wconf 92' lang='lat' dir='ltr'>pius</span> <span class='ocrx_word' id='word_1_200' title='bbox 530 2116 723 2161; x_wconf 89' lang='lat' dir='ltr'>Aeneas</span> <span class='ocrx_word' id='word_1_201' title='bbox 760 2115 922 2161; x_wconf 88' lang='lat' dir='ltr'>stricto</span> <span class='ocrx_word' id='word_1_202' title='bbox 960 2114 1029 2162; x_wconf 87' lang='lat' dir='ltr'>sic</span> <span class='ocrx_word' id='word_1_203' title='bbox 1064 2131 1178 2161; x_wconf 89' lang='lat' dir='ltr'>ense</span> <span class='ocrx_word' id='word_1_204' title='bbox 1214 2124 1456 2175; x_wconf 89' lang='lat' dir='ltr'>precatur:</span> <span class='ocrx_word' id='word_1_205' title='bbox 1775 2129 1861 2177; x_wconf 88' lang='lat'>175</span> 
     </span>
    </p>

    <p class='ocr_par' dir='ltr' id='par_1_31' title="bbox 229 2180 1628 2238">
     <span class='ocr_line' id='line_1_32' title="bbox 229 2180 1628 2238; baseline 0 -12"><span class='ocrx_word' id='word_1_206' title='bbox 229 2181 379 2228; x_wconf 90' lang='lat' dir='ltr'>‘Esto</span> <span class='ocrx_word' id='word_1_207' title='bbox 414 2195 546 2227; x_wconf 90' lang='lat' dir='ltr'>nunc</span> <span class='ocrx_word' id='word_1_208' title='bbox 581 2181 663 2227; x_wconf 90' lang='lat' dir='ltr'>Sol</span> <span class='ocrx_word' id='word_1_209' title='bbox 699 2180 833 2227; x_wconf 88' lang='lat' dir='ltr'>testis</span> <span class='ocrx_word' id='word_1_210' title='bbox 871 2191 917 2227; x_wconf 92' lang='lat' dir='ltr'>et</span> <span class='ocrx_word' id='word_1_211' title='bbox 953 2181 1074 2227; x_wconf 88' lang='lat' dir='ltr'>haec</span> <span class='ocrx_word' id='word_1_212' title='bbox 1110 2180 1226 2226; x_wconf 89' lang='lat' dir='ltr'>mihi</span> <span class='ocrx_word' id='word_1_213' title='bbox 1263 2190 1386 2228; x_wconf 89' lang='lat' dir='ltr'>terra</span> <span class='ocrx_word' id='word_1_214' title='bbox 1419 2181 1628 2238; x_wconf 89' lang='lat' dir='ltr'>vocanti,</span> 
     </span>
    </p>

    <p class='ocr_par' dir='ltr' id='par_1_32' title="bbox 229 2247 1501 2308">
     <span class='ocr_line' id='line_1_33' title="bbox 229 2247 1501 2308; baseline 0 -15"><span class='ocrx_word' id='word_1_215' title='bbox 229 2247 418 2306; x_wconf 89' lang='lat' dir='ltr'>‘Quam</span> <span class='ocrx_word' id='word_1_216' title='bbox 453 2255 649 2307; x_wconf 91' lang='lat' dir='ltr'>propter</span> <span class='ocrx_word' id='word_1_217' title='bbox 683 2255 843 2294; x_wconf 88' lang='lat' dir='ltr'>tantos</span> <span class='ocrx_word' id='word_1_218' title='bbox 879 2247 1013 2308; x_wconf 89' lang='lat' dir='ltr'>potui</span> <span class='ocrx_word' id='word_1_219' title='bbox 1052 2248 1259 2307; x_wconf 86' lang='lat' dir='ltr'>perferre</span> <span class='ocrx_word' id='word_1_220' title='bbox 1297 2249 1501 2304; x_wconf 89' lang='lat' dir='ltr'>labores,</span> 
     </span>
    </p>

    <p class='ocr_par' dir='ltr' id='par_1_33' title="bbox 226 2311 1545 2374">
     <span class='ocr_line' id='line_1_34' title="bbox 226 2311 1545 2374; baseline 0 -15"><span class='ocrx_word' id='word_1_221' title='bbox 226 2314 321 2360; x_wconf 91' lang='lat' dir='ltr'>‘Et</span> <span class='ocrx_word' id='word_1_222' title='bbox 357 2315 500 2359; x_wconf 91' lang='lat' dir='ltr'>Pater</span> <span class='ocrx_word' id='word_1_223' title='bbox 534 2311 857 2374; x_wconf 88' lang='lat' dir='ltr'>omnipotens,</span> <span class='ocrx_word' id='word_1_224' title='bbox 896 2322 942 2360; x_wconf 90' lang='lat' dir='ltr'>et</span> <span class='ocrx_word' id='word_1_225' title='bbox 979 2322 1029 2359; x_wconf 90' lang='lat' dir='ltr'>tu</span> <span class='ocrx_word' id='word_1_226' title='bbox 1066 2313 1285 2360; x_wconf 87' lang='lat' dir='ltr'>Saturnia</span> <span class='ocrx_word' id='word_1_227' title='bbox 1320 2313 1545 2370; x_wconf 87' lang='lat' dir='ltr'>coniunx,</span> 
     </span>
    </p>

    <p class='ocr_par' dir='ltr' id='par_1_34' title="bbox 227 2378 1774 2440">
     <span class='ocr_line' id='line_1_35' title="bbox 227 2378 1774 2440; baseline 0.001 -15"><span class='ocrx_word' id='word_1_228' title='bbox 227 2381 364 2425; x_wconf 93' lang='lat' dir='ltr'>‘Iam</span> <span class='ocrx_word' id='word_1_229' title='bbox 399 2378 581 2436; x_wconf 90' lang='lat' dir='ltr'>melior,</span> <span class='ocrx_word' id='word_1_230' title='bbox 620 2378 727 2435; x_wconf 78' lang='lat' dir='ltr'>iam,</span> <span class='ocrx_word' id='word_1_231' title='bbox 768 2378 892 2437; x_wconf 90' lang='lat' dir='ltr'>diva,</span> <span class='ocrx_word' id='word_1_232' title='bbox 930 2395 1122 2440; x_wconf 80' lang='lat' dir='ltr'>precor3</span> <span class='ocrx_word' id='word_1_233' title='bbox 1161 2389 1309 2439; x_wconf 89' lang='lat' dir='ltr'>tuque</span> <span class='ocrx_word' id='word_1_234' title='bbox 1345 2380 1525 2426; x_wconf 88' lang='lat' dir='ltr'>inclute</span> <span class='ocrx_word' id='word_1_235' title='bbox 1564 2381 1774 2437; x_wconf 89' lang='lat' dir='ltr'>Mavors,</span> 
     </span>
    </p>

    <p class='ocr_par' dir='ltr' id='par_1_35' title="bbox 225 2444 1864 2507">
     <span class='ocr_line' id='line_1_36' title="bbox 225 2444 1864 2507; baseline -0.002 -14"><span class='ocrx_word' id='word_1_236' title='bbox 225 2447 450 2494; x_wconf 88' lang='lat' dir='ltr'>‘Cuncta</span> <span class='ocrx_word' id='word_1_237' title='bbox 483 2455 567 2492; x_wconf 90' lang='lat' dir='ltr'>tuo</span> <span class='ocrx_word' id='word_1_238' title='bbox 603 2446 685 2506; x_wconf 88' lang='lat' dir='ltr'>qui</span> <span class='ocrx_word' id='word_1_239' title='bbox 722 2446 862 2502; x_wconf 87' lang='lat' dir='ltr'>bella,</span> <span class='ocrx_word' id='word_1_240' title='bbox 900 2455 1048 2506; x_wconf 87' lang='lat' dir='ltr'>pater,</span> <span class='ocrx_word' id='word_1_241' title='bbox 1089 2446 1177 2492; x_wconf 90' lang='lat' dir='ltr'>sub</span> <span class='ocrx_word' id='word_1_242' title='bbox 1215 2444 1414 2492; x_wconf 90' lang='lat' dir='ltr'>numine</span> <span class='ocrx_word' id='word_1_243' title='bbox 1451 2454 1676 2507; x_wconf 83' lang='lat' dir='ltr'>torques3</span> <span class='ocrx_word' id='word_1_244' title='bbox 1775 2446 1864 2491; x_wconf 88' lang='lat'>180</span> 
     </span>
    </p>

    <p class='ocr_par' dir='ltr' id='par_1_36' title="bbox 226 2511 1661 2572">
     <span class='ocr_line' id='line_1_37' title="bbox 226 2511 1661 2572; baseline 0 -14"><span class='ocrx_word' id='word_1_245' title='bbox 226 2513 535 2572; x_wconf 88' lang='lat' dir='ltr'>‘Fontesque</span> <span class='ocrx_word' id='word_1_246' title='bbox 570 2511 865 2572; x_wconf 89' lang='lat' dir='ltr'>Fluviosque</span> <span class='ocrx_word' id='word_1_247' title='bbox 901 2527 1038 2568; x_wconf 90' lang='lat' dir='ltr'>voco,</span> <span class='ocrx_word' id='word_1_248' title='bbox 1078 2527 1300 2572; x_wconf 91' lang='lat' dir='ltr'>quaeque</span> <span class='ocrx_word' id='word_1_249' title='bbox 1337 2512 1542 2558; x_wconf 87' lang='lat' dir='ltr'>aetheris</span> <span class='ocrx_word' id='word_1_250' title='bbox 1578 2511 1661 2558; x_wconf 81' lang='lat' dir='ltr'>alti</span> 
     </span>
    </p>

    <p class='ocr_par' dir='ltr' id='par_1_37' title="bbox 226 2576 1560 2638">
     <span class='ocr_line' id='line_1_38' title="bbox 226 2576 1560 2638; baseline 0.001 -14"><span class='ocrx_word' id='word_1_251' title='bbox 226 2576 462 2638; x_wconf 87' lang='lat' dir='ltr'>‘Religio,</span> <span class='ocrx_word' id='word_1_252' title='bbox 500 2585 548 2624; x_wconf 91' lang='lat' dir='ltr'>et</span> <span class='ocrx_word' id='word_1_253' title='bbox 583 2593 709 2638; x_wconf 90' lang='lat' dir='ltr'>quae</span> <span class='ocrx_word' id='word_1_254' title='bbox 743 2578 966 2624; x_wconf 92' lang='lat' dir='ltr'>caeruleo</span> <span class='ocrx_word' id='word_1_255' title='bbox 1003 2588 1112 2624; x_wconf 87' lang='lat' dir='ltr'>sunt</span> <span class='ocrx_word' id='word_1_256' title='bbox 1150 2577 1350 2623; x_wconf 89' lang='lat' dir='ltr'>numina</span> <span class='ocrx_word' id='word_1_257' title='bbox 1386 2588 1560 2638; x_wconf 89' lang='lat' dir='ltr'>ponto:</span> 
     </span>
    </p>

    <p class='ocr_par' dir='ltr' id='par_1_38' title="bbox 226 2642 1378 2699">
     <span class='ocr_line' id='line_1_39' title="bbox 226 2642 1378 2699; baseline -0.001 -8"><span class='ocrx_word' id='word_1_258' title='bbox 226 2642 467 2691; x_wconf 90' lang='lat' dir='ltr'>‘Cesserit</span> <span class='ocrx_word' id='word_1_259' title='bbox 500 2643 721 2690; x_wconf 86' lang='lat' dir='ltr'>Ausonio</span> <span class='ocrx_word' id='word_1_260' title='bbox 757 2643 796 2690; x_wconf 90' lang='lat' dir='ltr'>si</span> <span class='ocrx_word' id='word_1_261' title='bbox 833 2645 928 2690; x_wconf 86' lang='lat' dir='ltr'>fors</span> <span class='ocrx_word' id='word_1_262' title='bbox 962 2643 1161 2690; x_wconf 88' lang='lat' dir='ltr'>victoria</span> <span class='ocrx_word' id='word_1_263' title='bbox 1197 2646 1378 2699; x_wconf 87' lang='lat' dir='ltr'>Turno,</span> 
     </span>
    </p>

    <p class='ocr_par' dir='ltr' id='par_1_39' title="bbox 225 2707 1553 2768">
     <span class='ocr_line' id='line_1_40' title="bbox 225 2707 1553 2768; baseline -0.002 -11"><span class='ocrx_word' id='word_1_264' title='bbox 225 2707 501 2757; x_wconf 89' lang='lat' dir='ltr'>‘Convenit</span> <span class='ocrx_word' id='word_1_265' title='bbox 538 2709 753 2756; x_wconf 85' lang='lat' dir='ltr'>Euandri</span> <span class='ocrx_word' id='word_1_266' title='bbox 787 2708 939 2756; x_wconf 90' lang='lat' dir='ltr'>victos</span> <span class='ocrx_word' id='word_1_267' title='bbox 977 2709 1227 2756; x_wconf 89' lang='lat' dir='ltr'>discedere</span> <span class='ocrx_word' id='word_1_268' title='bbox 1263 2710 1324 2756; x_wconf 90' lang='lat' dir='ltr'>ad</span> <span class='ocrx_word' id='word_1_269' title='bbox 1362 2710 1553 2768; x_wconf 83' lang='lat' dir='ltr'>urbem3</span> 
     </span>
    </p>

    <p class='ocr_par' dir='ltr' id='par_1_40' title="bbox 225 2773 1858 2835">
     <span class='ocr_line' id='line_1_41' title="bbox 225 2773 1858 2835; baseline -0.002 -12"><span class='ocrx_word' id='word_1_270' title='bbox 225 2775 414 2824; x_wconf 78' lang='lat' dir='ltr'>‘Cedet</span> <span class='ocrx_word' id='word_1_271' title='bbox 450 2776 585 2821; x_wconf 89' lang='lat' dir='ltr'>Iulus</span> <span class='ocrx_word' id='word_1_272' title='bbox 620 2773 744 2834; x_wconf 86' lang='lat' dir='ltr'>agris</span> <span class='ocrx_word' id='word_1_273' title='bbox 754 2791 769 2832; x_wconf 90' lang='lat'>;</span> <span class='ocrx_word' id='word_1_274' title='bbox 802 2790 895 2821; x_wconf 89' lang='lat' dir='ltr'>nec</span> <span class='ocrx_word' id='word_1_275' title='bbox 931 2785 1042 2835; x_wconf 91' lang='lat' dir='ltr'>post</span> <span class='ocrx_word' id='word_1_276' title='bbox 1078 2791 1209 2820; x_wconf 87' lang='lat' dir='ltr'>arma</span> <span class='ocrx_word' id='word_1_277' title='bbox 1243 2777 1340 2821; x_wconf 88' lang='lat' dir='ltr'>ulla</span> <span class='ocrx_word' id='word_1_278' title='bbox 1374 2776 1577 2821; x_wconf 85' lang='lat' dir='ltr'>rebelles</span> <span class='ocrx_word' id='word_1_279' title='bbox 1775 2775 1858 2832; x_wconf 73' lang='lat'>185</span> 
     </span>
    </p>
   </div>
  </div>
 </body>
</html>
