1994 3055
639 84 1036 133 AENEJDOS
1078 86 1218 131 ΜΒ.
1259 86 1383 130 XJJ.
1776 99 1799 128 2
1811 97 1832 143 5

189 195 317 241 Ense
353 207 563 254 sequens
598 192 736 239 nudo
772 191 1141 253 superimminet
1151 208 1164 250 3
1199 190 1279 238 ille
1315 190 1472 238 securi

183 258 389 308 Adversi
423 260 634 306 frontem
668 258 884 306 mediam
920 267 1237 320 mentumque
1273 258 1477 306 reducta

187 325 391 384 Disiicit‚
429 334 478 373 et
513 341 679 386 sparso
715 326 810 372 late
846 323 967 386 rigat
1001 341 1135 371 arma
1171 340 1353 372 cruore.

184 392 284 442 Olli
319 393 440 440 dura
474 391 611 454 quies
648 393 817 439 oculos
854 400 901 438 et
937 392 1116 438 ferreus
1152 400 1323 452 urguet

182 460 394 508 Somnus
411 475 425 518 3
459 458 510 505 10
544 467 792 506 aeternam
828 458 1107 505 conduntur
1142 457 1325 504 lumina
1359 466 1570 505 noctem.
1737 477 1833 521 310

247 527 314 573 At
349 525 457 588 pius
494 527 688 573 Aeneas
725 526 943 572 dextram
979 525 1213 571 tendebat
1248 524 1482 571 inermem

182 593 384 640 Nudato
420 592 591 653 capite,
631 601 776 653 atque
814 607 925 638 suos
962 587 1174 637 clamore
1210 592 1445 638 vocabat:

184 660 329 720 ‘Quo
364 659 529 707 ruitis?
566 674 752 720 quaeve
788 657 881 705 ista
915 673 1088 718 repens
1126 656 1367 704 discordia
1404 657 1589 718 surgit?

184 727 260 775 ‘O
297 725 523 773 cohibete
558 725 673 772 iras!
709 724 860 772 ictum
897 724 994 771 iam
1028 724 1217 780 foedus,
1256 733 1303 771 et
1339 739 1510 771 0011165

182 792 532 853 ‘Compositae
567 794 698 853 leges
708 809 721 850 3
759 791 877 838 mihi
913 791 986 838 ius
1023 806 1308 838 concurrere
1346 790 1459 848 50113
1734 810 1826 856 315

181 863 192 884 ‘
214 861 300 906 Me
337 858 493 917 sinite,
532 867 679 920 atque
715 859 899 905 auferte
935 867 1118 905 metus:
1156 872 1245 918 ego
1282 858 1481 904 foedera
1514 858 1624 906 faxo

179 925 374 972 ‘Firma
407 941 556 972 manu
568 942 581 983 3
616 927 838 972 Turnum
875 925 1057 972 debent
1091 925 1214 972 haec
1249 924 1347 970 iam
1382 923 1501 970 mihi
1538 927 1699 972 sacra'

179 994 288 1040 Has
323 992 448 1040 inter
481 1008 642 1049 voces,
681 991 844 1039 media
879 991 1004 1039 inter
1038 991 1152 1038 talia
1187 992 1348 1048 verba,

180 1061 323 1118 Ecce,
360 1058 463 1107 viro
499 1058 706 1106 stridens
742 1058 829 1105 alis
865 1059 1065 1120 adlapsa
1101 1058 1273 1118 sagitta
1309 1066 1394 1115 est,

179 1128 443 1184 Incertum,
479 1142 577 1187 qua
611 1126 752 1187 pulsa
788 1142 952 1183 manu,
991 1141 1089 1187 quo
1125 1124 1316 1172 turbine
1351 1124 1538 1184 adacta,
1732 1142 1827 1186 320

177 1192 299 1254 Quis
334 1201 522 1240 tantam
558 1192 755 1239 Rutulis
791 1193 1002 1249 laudem,
1042 1208 1247 1239 casusne
1283 1192 1483 1245 deusne,

175 1259 405 1307 Attulerit
414 1277 428 1318 3
462 1275 630 1321 pressa
665 1268 737 1306 est
773 1259 972 1320 insignis
1007 1259 1159 1320 gloria
1193 1258 1321 1316 facti,

178 1328 285 1374 Nec
321 1342 427 1374 sese
462 1328 663 1374 Aeneae
699 1325 896 1373 iactavit
930 1327 1127 1373 volnere
1163 1325 1436 1388 quisquam.

175 1395 384 1451 TurnuS,
422 1402 477 1440 ut
514 1395 716 1440 Aenean
753 1394 1011 1440 cedentem
1050 1409 1107 1440 ex
1141 1391 1334 1453 agmine
1369 1391 1489 1439 vidit

175 1461 519 1521 Turbatosque
555 1460 720 1518 duceS‚
760 1460 919 1507 subita
955 1475 1040 1520 spe
1075 1458 1287 1507 fervidus
1323 1460 1458 1506 ardet
1468 1477 1481 1517 3
1729 1475 1822 1522 325

176 1526 341 1574 Poscit
376 1543 528 1588 equos
563 1536 710 1588 atque
746 1543 879 1573 arma
914 1526 1071 1584 simul,
1109 1528 1331 1587 saltuque
1367 1526 1603 1587 superbus

177 1593 367 1640 Emicat
401 1593 451 1640 in
487 1609 693 1650 currum,
733 1602 782 1640 et
816 1593 1043 1640 manibus
1079 1593 1277 1640 molitur
1310 1594 1541 1639 habenas.

175 1661 336 1708 Multa
369 1659 525 1707 virum
559 1659 768 1708 volitans
804 1660 888 1707 dat
923 1659 1064 1707 fortia
1099 1676 1303 1721 corpora
1338 1661 1470 1717 leto‚·

172 1727 449 1775 Semineces
484 1726 637 1775 volvit
670 1728 865 1786 multos,
903 1736 987 1774 aut
1022 1726 1216 1789 agmina
1252 1743 1392 1773 curru

173 1793 392 1852 Proterit,
420 1803 504 1841 aut
537 1803 700 1855 raptas
734 1793 1031 1856 fugientibus
1066 1793 1242 1855 ingerit
1276 1795 1454 1841 hastas.
1727 1810 1824 1855 330

173 1860 343 1922 Qualis
379 1861 511 1923 apud
545 1860 694 1923 gelidi
730 1877 843 1908 cum
878 1860 1079 1908 flumina
1115 1860 1336 1908 concitus
1375 1860 1534 1908 Hebri

171 1927 476 1990 Sanguineus
513 1930 714 1975 Mavors
750 1927 909 1989 clipeo
945 1927 1176 1989 increpat,
1216 1936 1363 1989 atque
1397 1928 1610 1975 furentes

172 1996 308 2042 Bella
341 2011 545 2042 movens
580 1994 782 2042 inmittit
818 2010 970 2056 equos
979 2013 992 2054 3
1029 1993 1098 2041 illi
1133 2010 1346 2056 aequore
1382 2004 1550 2056 aperto

169 2063 300 2109 Ante
337 2063 497 2109 Notos
532 2062 904 2123 Zephyrumque
941 2062 1127 2118 volant;
1163 2061 1313 2122 gemit
1348 2061 1517 2108 ultima
1554 2062 1695 2123 pulsu

170 2129 362 2176 Thraca
394 2129 579 2190 pedum
591 2146 603 2187 3
639 2128 920 2190 circumque
956 2138 1086 2176 atrae
1125 2127 1418 2176 Formidinis
1455 2144 1553 2187 ora,
1728 2142 1817 2189 335

171 2197 392 2257 Iraeque,
421 2194 746 2257 Insidiaeque,
787 2195 866 2242 dei
902 2194 1175 2250 comitatus,
1214 2204 1442 2256 aguntur:

169 2261 302 2309 Talis
338 2278 491 2324 equos
526 2263 686 2309 alacer
720 2261 884 2309 media
917 2261 1042 2309 inter
1075 2261 1260 2323 proelia
1294 2264 1489 2309 Turnus

170 2329 424 2376 Fumantis
460 2329 636 2376 sudore
673 2329 843 2390 quatit,
880 2328 1156 2376 miserabile
1193 2328 1347 2376 caesis

170 2395 415 2443 Hostibus
451 2395 689 2442 insultans
700 2414 711 2454 3
750 2395 929 2457 spargit
963 2395 1133 2456 rapida
1168 2397 1350 2457 ungula
1385 2411 1515 2443 rores

168 2462 483 2524 Sanguineos,
521 2462 767 2524 mixtaque
804 2479 945 2510 cruor
979 2464 1192 2509 calcatur
1226 2478 1383 2510 arena.
1724 2478 1819 2522 340

169 2531 376 2590 Iamque
400 2528 509 2576 neci
533 2530 916 2591 Sthenelumque
942 2529 1079 2576 dedit
1104 2529 1485 2590 Thamyrimque
1513 2529 1820 2590 Pholumque

169 2597 323 2643 Hunc
358 2611 644 2657 congressus
682 2606 729 2644 et
763 2597 908 2653 hunc,
947 2596 1083 2643 illum
1120 2596 1332 2654 6111101153
1370 2595 1558 2643 60110115
1595 2598 1742 2642 ambo

168 2661 478 2719 Imbrasidas,
518 2663 761 2710 Glaucum
797 2672 942 2724 atque
980 2663 1163 2720 Laden,
1203 2678 1325 2724 quos
1364 2664 1612 2709 Imbrasus
1650 2663 1752 2723 ipse

169 2728 422 2776 Nutrierat
457 2729 621 2790 Lycia,
658 2729 953 2792 paribusque
991 2738 1243 2776 ornaverat
1279 2729 1437 2786 armis,

164 2796 258 2843 Vel
294 2796 513 2844 conferre
548 2811 764 2854 manum,
800 2798 879 2844 vel
915 2812 1044 2857 equo
1079 2804 1381 2857 praevertere
1417 2804 1602 2842 ventos.
1722 2808 1813 2854 345
