<?xml version="1.0" encoding="UTF-8"?>
<!DOCTYPE html PUBLIC "-//W3C//DTD XHTML 1.0 Transitional//EN"
    "http://www.w3.org/TR/xhtml1/DTD/xhtml1-transitional.dtd">
<html xmlns="http://www.w3.org/1999/xhtml" xml:lang="en" lang="en">
 <head>
  <title>
</title>
<meta http-equiv="Content-Type" content="text/html;charset=utf-8" />
  <meta name='ocr-system' content='tesseract 3.04.00' />
  <meta name='ocr-capabilities' content='ocr_page ocr_carea ocr_par ocr_line ocrx_word'/>
</head>
<body>
  <div class='ocr_page' id='page_1' title='image "aeneidbookxii00virguoft_0035.png"; bbox 0 0 1994 3055; ppageno 0'>
   <div class='ocr_carea' id='block_1_1' title="bbox 0 0 1836 1791">
    <p class='ocr_par' dir='ltr' id='par_1_1' title="bbox 0 0 1836 1791">
     <span class='ocr_line' id='line_1_1' title="bbox 75 0 1430 106; baseline -0.002 -42"><span class='ocrx_word' id='word_1_1' title='bbox 75 0 178 101; x_wconf 44' lang='grc' dir='ltr'><strong>(ᾖ).</strong></span> <span class='ocrx_word' id='word_1_2' title='bbox 661 20 867 106; x_wconf 36' lang='grc' dir='ltr'><strong>ΞΓ,</strong></span> <span class='ocrx_word' id='word_1_3' title='bbox 956 0 1304 79; x_wconf 52' lang='grc'><strong>(3*“’“’“’”’</strong></span> <span class='ocrx_word' id='word_1_4' title='bbox 1400 54 1430 65; x_wconf 92' lang='grc'><strong><em>,</em></strong></span> 
     </span>
     <span class='ocr_line' id='line_1_2' title="bbox 0 49 1819 187; baseline -0.003 -36"><span class='ocrx_word' id='word_1_5' title='bbox 0 49 202 187; x_wconf 31' lang='lat'><strong>³7</strong></span> <span class='ocrx_word' id='word_1_6' title='bbox 648 105 694 149; x_wconf 89' lang='lat' dir='ltr'><em>A</em></span> <span class='ocrx_word' id='word_1_7' title='bbox 736 79 1039 150; x_wconf 68' lang='lat' dir='ltr'><em>NEJDOS</em></span> <span class='ocrx_word' id='word_1_8' title='bbox 1087 67 1227 148; x_wconf 65' lang='lat' dir='ltr'><strong>Lj‘B&#39;.</strong></span> <span class='ocrx_word' id='word_1_9' title='bbox 1259 91 1417 151; x_wconf 76' lang='grc' dir='ltr'><strong><em>’.ΧΗ</em></strong></span> <span class='ocrx_word' id='word_1_10' title='bbox 1769 118 1819 161; x_wconf 62' lang='grc'><strong>31</strong></span> 
     </span>
     <span class='ocr_line' id='line_1_3' title="bbox 196 203 1617 261; baseline -0.004 -8"><span class='ocrx_word' id='word_1_11' title='bbox 196 207 294 253; x_wconf 91' lang='lat' dir='ltr'><strong>Hic</strong></span> <span class='ocrx_word' id='word_1_12' title='bbox 330 205 416 253; x_wconf 86' lang='lat' dir='ltr'><strong>tibi</strong></span> <span class='ocrx_word' id='word_1_13' title='bbox 454 204 620 254; x_wconf 89' lang='lat' dir='ltr'><strong>mortis</strong></span> <span class='ocrx_word' id='word_1_14' title='bbox 658 221 737 252; x_wconf 85' lang='lat' dir='ltr'><strong>era</strong></span> <span class='ocrx_word' id='word_1_15' title='bbox 753 217 789 250; x_wconf 68' lang='lat' dir='ltr'><strong>it</strong></span> <span class='ocrx_word' id='word_1_16' title='bbox 830 216 1001 261; x_wconf 83' lang='lat' dir='ltr'><strong>metae,</strong></span> <span class='ocrx_word' id='word_1_17' title='bbox 1040 205 1218 250; x_wconf 90' lang='lat' dir='ltr'><strong>domus</strong></span> <span class='ocrx_word' id='word_1_18' title='bbox 1253 204 1349 249; x_wconf 90' lang='lat' dir='ltr'><strong>alta</strong></span> <span class='ocrx_word' id='word_1_19' title='bbox 1385 203 1475 248; x_wconf 86' lang='lat' dir='ltr'><strong>sub</strong></span> <span class='ocrx_word' id='word_1_20' title='bbox 1515 204 1617 258; x_wconf 93' lang='lat' dir='ltr'><strong>Ida,</strong></span> 
     </span>
     <span class='ocr_line' id='line_1_4' title="bbox 195 269 1567 333; baseline -0.004 -14"><span class='ocrx_word' id='word_1_21' title='bbox 195 271 396 333; x_wconf 85' lang='lat' dir='ltr'><strong>Lyrnesi</strong></span> <span class='ocrx_word' id='word_1_22' title='bbox 434 272 610 319; x_wconf 91' lang='lat' dir='ltr'><strong>domus</strong></span> <span class='ocrx_word' id='word_1_23' title='bbox 646 272 757 329; x_wconf 91' lang='lat' dir='ltr'><strong>alta,</strong></span> <span class='ocrx_word' id='word_1_24' title='bbox 796 272 901 317; x_wconf 90' lang='lat' dir='ltr'><strong>solo</strong></span> <span class='ocrx_word' id='word_1_25' title='bbox 940 272 1182 316; x_wconf 78' lang='lat' dir='ltr'><strong>Laurente</strong></span> <span class='ocrx_word' id='word_1_26' title='bbox 1218 269 1567 330; x_wconf 89' lang='lat' dir='ltr'><strong>sepulchrum.-</strong></span> 
     </span>
     <span class='ocr_line' id='line_1_5' title="bbox 193 333 1659 396; baseline -0.005 -11"><span class='ocrx_word' id='word_1_27' title='bbox 193 340 350 386; x_wconf 92' lang='lat' dir='ltr'><strong>Totae</strong></span> <span class='ocrx_word' id='word_1_28' title='bbox 385 339 511 385; x_wconf 91' lang='lat' dir='ltr'><strong>adeo</strong></span> <span class='ocrx_word' id='word_1_29' title='bbox 548 352 813 385; x_wconf 89' lang='lat' dir='ltr'><strong>conversae</strong></span> <span class='ocrx_word' id='word_1_30' title='bbox 848 336 989 391; x_wconf 91' lang='lat' dir='ltr'><strong>acies,</strong></span> <span class='ocrx_word' id='word_1_31' title='bbox 1030 351 1298 395; x_wconf 89' lang='lat' dir='ltr'><strong>omnesque</strong></span> <span class='ocrx_word' id='word_1_32' title='bbox 1336 333 1510 390; x_wconf 93' lang='lat' dir='ltr'><strong>Latini,</strong></span> <span class='ocrx_word' id='word_1_33' title='bbox 1655 391 1659 396; x_wconf 86' lang='lat'><strong>.</strong></span> 
     </span>
     <span class='ocr_line' id='line_1_6' title="bbox 193 398 1601 490; baseline -0.005 -37"><span class='ocrx_word' id='word_1_34' title='bbox 193 405 379 453; x_wconf 88' lang='lat' dir='ltr'><strong>Omnes</strong></span> <span class='ocrx_word' id='word_1_35' title='bbox 417 403 744 460; x_wconf 82' lang='lat' dir='ltr'><strong>Dardanidae,</strong></span> <span class='ocrx_word' id='word_1_36' title='bbox 784 403 1088 459; x_wconf 81' lang='lat' dir='ltr'><strong>Mnestheus,</strong></span> <span class='ocrx_word' id='word_1_37' title='bbox 1127 417 1333 490; x_wconf 83' lang='lat' dir='ltr'><strong>acerque</strong></span> <span class='ocrx_word' id='word_1_38' title='bbox 1370 398 1601 451; x_wconf 83' lang='lat' dir='ltr'><strong>Serestus,</strong></span> 
     </span>
     <span class='ocr_line' id='line_1_7' title="bbox 195 467 1825 532; baseline -0.004 -14"><span class='ocrx_word' id='word_1_39' title='bbox 195 472 256 518; x_wconf 92' lang='lat' dir='ltr'><strong>Et</strong></span> <span class='ocrx_word' id='word_1_40' title='bbox 293 473 550 532; x_wconf 92' lang='lat' dir='ltr'><strong>Messapus</strong></span> <span class='ocrx_word' id='word_1_41' title='bbox 587 485 766 531; x_wconf 90' lang='lat' dir='ltr'><strong>equum</strong></span> <span class='ocrx_word' id='word_1_42' title='bbox 803 467 1026 524; x_wconf 87' lang='lat' dir='ltr'><strong>domitor,</strong></span> <span class='ocrx_word' id='word_1_43' title='bbox 1067 478 1113 514; x_wconf 93' lang='lat' dir='ltr'><strong>et</strong></span> <span class='ocrx_word' id='word_1_44' title='bbox 1150 468 1283 515; x_wconf 84' lang='lat' dir='ltr'><strong>fortis</strong></span> <span class='ocrx_word' id='word_1_45' title='bbox 1319 467 1492 524; x_wconf 88' lang='lat' dir='ltr'><strong>Asilas,</strong></span> <span class='ocrx_word' id='word_1_46' title='bbox 1735 482 1825 526; x_wconf 82' lang='lat'><strong>550</strong></span> 
     </span>
     <span class='ocr_line' id='line_1_8' title="bbox 193 533 1588 609; baseline -0.004 -26"><span class='ocrx_word' id='word_1_47' title='bbox 193 538 564 609; x_wconf 79' lang='lat' dir='ltr'><strong>Tuscorumque</strong></span> <span class='ocrx_word' id='word_1_48' title='bbox 599 537 824 609; x_wconf 85' lang='lat' dir='ltr'><strong>phalanx,</strong></span> <span class='ocrx_word' id='word_1_49' title='bbox 866 534 1179 594; x_wconf 88' lang='lat' dir='ltr'><strong>Euandrique</strong></span> <span class='ocrx_word' id='word_1_50' title='bbox 1217 534 1431 580; x_wconf 85' lang='lat' dir='ltr'><strong>Arcades</strong></span> <span class='ocrx_word' id='word_1_51' title='bbox 1468 533 1588 605; x_wconf 82' lang='lat' dir='ltr'><strong>alae,</strong></span> 
     </span>
     <span class='ocr_line' id='line_1_9' title="bbox 195 598 1509 673; baseline -0.005 -22"><span class='ocrx_word' id='word_1_52' title='bbox 195 605 290 651; x_wconf 91' lang='lat' dir='ltr'><strong>Pro</strong></span> <span class='ocrx_word' id='word_1_53' title='bbox 327 619 378 651; x_wconf 93' lang='lat' dir='ltr'><strong>se</strong></span> <span class='ocrx_word' id='word_1_54' title='bbox 415 602 619 664; x_wconf 90' lang='lat' dir='ltr'><strong>quisque</strong></span> <span class='ocrx_word' id='word_1_55' title='bbox 654 601 741 649; x_wconf 90' lang='lat' dir='ltr'><strong>viri</strong></span> <span class='ocrx_word' id='word_1_56' title='bbox 779 617 967 648; x_wconf 91' lang='lat' dir='ltr'><strong>summa</strong></span> <span class='ocrx_word' id='word_1_57' title='bbox 1002 601 1219 646; x_wconf 88' lang='lat' dir='ltr'><strong>nituntur</strong></span> <span class='ocrx_word' id='word_1_58' title='bbox 1255 615 1404 673; x_wconf 86' lang='lat' dir='ltr'><strong>opum</strong></span> <span class='ocrx_word' id='word_1_59' title='bbox 1439 598 1509 655; x_wconf 91' lang='lat' dir='ltr'><strong>vi;</strong></span> 
     </span>
     <span class='ocr_line' id='line_1_10' title="bbox 196 666 1595 728; baseline -0.004 -12"><span class='ocrx_word' id='word_1_60' title='bbox 196 671 301 717; x_wconf 88' lang='lat' dir='ltr'><strong>Nec</strong></span> <span class='ocrx_word' id='word_1_61' title='bbox 336 685 486 728; x_wconf 90' lang='lat' dir='ltr'><strong>mora,</strong></span> <span class='ocrx_word' id='word_1_62' title='bbox 524 685 616 716; x_wconf 91' lang='lat' dir='ltr'><strong>nec</strong></span> <span class='ocrx_word' id='word_1_63' title='bbox 651 667 866 728; x_wconf 82' lang='lat' dir='ltr'><strong>requies,-</strong></span> <span class='ocrx_word' id='word_1_64' title='bbox 901 676 1038 714; x_wconf 91' lang='lat' dir='ltr'><strong>vasto</strong></span> <span class='ocrx_word' id='word_1_65' title='bbox 1075 666 1338 714; x_wconf 81' lang='lat' dir='ltr'><strong>certamine</strong></span> <span class='ocrx_word' id='word_1_66' title='bbox 1374 666 1595 713; x_wconf 88' lang='lat' dir='ltr'><strong>tendunt.</strong></span> 
     </span>
     <span class='ocr_line' id='line_1_11' title="bbox 264 729 1638 795; baseline -0.004 -13"><span class='ocrx_word' id='word_1_67' title='bbox 264 735 364 782; x_wconf 90' lang='lat' dir='ltr'><strong>Hic</strong></span> <span class='ocrx_word' id='word_1_68' title='bbox 399 745 613 782; x_wconf 85' lang='lat' dir='ltr'><strong>mentem</strong></span> <span class='ocrx_word' id='word_1_69' title='bbox 650 737 850 781; x_wconf 86' lang='lat' dir='ltr'><strong>Aeneae</strong></span> <span class='ocrx_word' id='word_1_70' title='bbox 886 732 1103 795; x_wconf 85' lang='lat' dir='ltr'><strong>genetrix</strong></span> <span class='ocrx_word' id='word_1_71' title='bbox 1139 731 1461 793; x_wconf 87' lang='lat' dir='ltr'><strong>pulcherrima</strong></span> <span class='ocrx_word' id='word_1_72' title='bbox 1498 729 1638 787; x_wconf 85' lang='lat' dir='ltr'><strong>misit,</strong></span> 
     </span>
     <span class='ocr_line' id='line_1_12' title="bbox 196 799 1835 861; baseline -0.004 -13"><span class='ocrx_word' id='word_1_73' title='bbox 196 804 294 848; x_wconf 92' lang='lat' dir='ltr'><strong>Iret</strong></span> <span class='ocrx_word' id='word_1_74' title='bbox 330 812 380 848; x_wconf 88' lang='lat' dir='ltr'><strong>ut</strong></span> <span class='ocrx_word' id='word_1_75' title='bbox 418 803 479 848; x_wconf 89' lang='lat' dir='ltr'><strong>ad</strong></span> <span class='ocrx_word' id='word_1_76' title='bbox 516 817 694 859; x_wconf 89' lang='lat' dir='ltr'><strong>muros,</strong></span> <span class='ocrx_word' id='word_1_77' title='bbox 734 799 937 861; x_wconf 92' lang='lat' dir='ltr'><strong>urbique</strong></span> <span class='ocrx_word' id='word_1_78' title='bbox 974 801 1243 846; x_wconf 83' lang='lat' dir='ltr'><strong>adverteret</strong></span> <span class='ocrx_word' id='word_1_79' title='bbox 1278 814 1454 860; x_wconf 86' lang='lat' dir='ltr'><strong>agmen</strong></span> <span class='ocrx_word' id='word_1_80' title='bbox 1748 812 1835 857; x_wconf 85' lang='grc'><strong>555</strong></span> 
     </span>
     <span class='ocr_line' id='line_1_13' title="bbox 195 865 1309 923; baseline -0.002 -8"><span class='ocrx_word' id='word_1_81' title='bbox 195 867 345 916; x_wconf 90' lang='lat' dir='ltr'><strong>Ocius</strong></span> <span class='ocrx_word' id='word_1_82' title='bbox 383 877 430 915; x_wconf 90' lang='lat' dir='ltr'><strong>et</strong></span> <span class='ocrx_word' id='word_1_83' title='bbox 468 867 629 914; x_wconf 85' lang='lat' dir='ltr'><strong>subita</strong></span> <span class='ocrx_word' id='word_1_84' title='bbox 664 868 877 914; x_wconf 86' lang='lat' dir='ltr'><strong>turbaret</strong></span> <span class='ocrx_word' id='word_1_85' title='bbox 914 867 1055 913; x_wconf 90' lang='lat' dir='ltr'><strong>clade</strong></span> <span class='ocrx_word' id='word_1_86' title='bbox 1093 865 1309 923; x_wconf 81' lang='lat' dir='ltr'><strong>LatinOS,</strong></span> 
     </span>
     <span class='ocr_line' id='line_1_14' title="bbox 195 931 1507 995; baseline -0.002 -15"><span class='ocrx_word' id='word_1_87' title='bbox 195 935 300 993; x_wconf 91' lang='lat' dir='ltr'><strong>Ille,</strong></span> <span class='ocrx_word' id='word_1_88' title='bbox 339 942 393 981; x_wconf 90' lang='lat' dir='ltr'><strong>ut</strong></span> <span class='ocrx_word' id='word_1_89' title='bbox 426 933 672 995; x_wconf 84' lang='lat' dir='ltr'><strong>vestigans</strong></span> <span class='ocrx_word' id='word_1_90' title='bbox 708 933 902 980; x_wconf 81' lang='lat' dir='ltr'><strong>divorsa</strong></span> <span class='ocrx_word' id='word_1_91' title='bbox 938 949 1023 994; x_wconf 92' lang='lat' dir='ltr'><strong>per</strong></span> <span class='ocrx_word' id='word_1_92' title='bbox 1059 931 1252 993; x_wconf 86' lang='lat' dir='ltr'><strong>agmina</strong></span> <span class='ocrx_word' id='word_1_93' title='bbox 1287 934 1507 978; x_wconf 87' lang='lat' dir='ltr'><strong>Turnum</strong></span> 
     </span>
     <span class='ocr_line' id='line_1_15' title="bbox 197 998 1552 1061; baseline -0.003 -14"><span class='ocrx_word' id='word_1_94' title='bbox 197 1003 315 1047; x_wconf 92' lang='lat' dir='ltr'><strong>Huc</strong></span> <span class='ocrx_word' id='word_1_95' title='bbox 349 1010 497 1061; x_wconf 90' lang='lat' dir='ltr'><strong>atque</strong></span> <span class='ocrx_word' id='word_1_96' title='bbox 533 1001 628 1046; x_wconf 89' lang='lat' dir='ltr'><strong>huc</strong></span> <span class='ocrx_word' id='word_1_97' title='bbox 664 1000 792 1046; x_wconf 92' lang='lat' dir='ltr'><strong>acies</strong></span> <span class='ocrx_word' id='word_1_98' title='bbox 828 998 1138 1057; x_wconf 76' lang='lat' dir='ltr'><strong>circumtulit,</strong></span> <span class='ocrx_word' id='word_1_99' title='bbox 1177 998 1348 1059; x_wconf 88' lang='lat' dir='ltr'><strong>aspicit</strong></span> <span class='ocrx_word' id='word_1_100' title='bbox 1386 999 1552 1045; x_wconf 81' lang='lat' dir='ltr'><strong>urbem</strong></span> 
     </span>
     <span class='ocr_line' id='line_1_16' title="bbox 196 1065 1450 1126; baseline -0.002 -13"><span class='ocrx_word' id='word_1_101' title='bbox 196 1068 475 1114; x_wconf 89' lang='lat' dir='ltr'><strong>Immunem</strong></span> <span class='ocrx_word' id='word_1_102' title='bbox 512 1065 632 1113; x_wconf 86' lang='lat' dir='ltr'><strong>tanti</strong></span> <span class='ocrx_word' id='word_1_103' title='bbox 670 1065 783 1113; x_wconf 91' lang='lat' dir='ltr'><strong>belli</strong></span> <span class='ocrx_word' id='word_1_104' title='bbox 820 1076 968 1126; x_wconf 82' lang='lat' dir='ltr'><strong>atque</strong></span> <span class='ocrx_word' id='word_1_105' title='bbox 1002 1066 1185 1126; x_wconf 91' lang='lat' dir='ltr'><strong>inpune</strong></span> <span class='ocrx_word' id='word_1_106' title='bbox 1222 1065 1450 1126; x_wconf 87' lang='lat' dir='ltr'><strong>quietam.</strong></span> 
     </span>
     <span class='ocr_line' id='line_1_17' title="bbox 194 1132 1836 1194; baseline -0.005 -13"><span class='ocrx_word' id='word_1_107' title='bbox 194 1133 443 1182; x_wconf 89' lang='lat' dir='ltr'><strong>Continuo</strong></span> <span class='ocrx_word' id='word_1_108' title='bbox 478 1149 671 1194; x_wconf 81' lang='lat' dir='ltr'><strong>pugnae</strong></span> <span class='ocrx_word' id='word_1_109' title='bbox 707 1132 930 1179; x_wconf 86' lang='lat' dir='ltr'><strong>accendit</strong></span> <span class='ocrx_word' id='word_1_110' title='bbox 967 1132 1162 1179; x_wconf 83' lang='lat' dir='ltr'><strong>maioris</strong></span> <span class='ocrx_word' id='word_1_111' title='bbox 1198 1133 1384 1193; x_wconf 70' lang='lat' dir='ltr'><strong>imago,</strong></span> <span class='ocrx_word' id='word_1_112' title='bbox 1747 1132 1836 1188; x_wconf 82' lang='lat'><strong>560</strong></span> 
     </span>
     <span class='ocr_line' id='line_1_18' title="bbox 195 1198 1632 1260; baseline -0.003 -13"><span class='ocrx_word' id='word_1_113' title='bbox 195 1201 456 1247; x_wconf 89' lang='lat' dir='ltr'><strong>Mnesthea</strong></span> <span class='ocrx_word' id='word_1_114' title='bbox 491 1201 867 1260; x_wconf 85' lang='lat' dir='ltr'><strong>Sergestumque</strong></span> <span class='ocrx_word' id='word_1_115' title='bbox 903 1208 1045 1245; x_wconf 81' lang='lat' dir='ltr'><strong>vocat</strong></span> <span class='ocrx_word' id='word_1_116' title='bbox 1081 1200 1354 1258; x_wconf 82' lang='lat' dir='ltr'><strong>fortemque</strong></span> <span class='ocrx_word' id='word_1_117' title='bbox 1390 1198 1632 1245; x_wconf 89' lang='lat' dir='ltr'><strong>Serestum</strong></span> 
     </span>
     <span class='ocr_line' id='line_1_19' title="bbox 196 1265 1624 1326; baseline -0.003 -14"><span class='ocrx_word' id='word_1_118' title='bbox 196 1268 449 1324; x_wconf 83' lang='lat' dir='ltr'><strong>DuctoreS,</strong></span> <span class='ocrx_word' id='word_1_119' title='bbox 489 1267 828 1326; x_wconf 90' lang='lat' dir='ltr'><strong>tumulumque</strong></span> <span class='ocrx_word' id='word_1_120' title='bbox 865 1265 1008 1326; x_wconf 87' lang='lat' dir='ltr'><strong>capit,</strong></span> <span class='ocrx_word' id='word_1_121' title='bbox 1047 1281 1145 1326; x_wconf 91' lang='lat' dir='ltr'><strong>quo</strong></span> <span class='ocrx_word' id='word_1_122' title='bbox 1183 1275 1341 1311; x_wconf 82' lang='lat' dir='ltr'><strong>cetera</strong></span> <span class='ocrx_word' id='word_1_123' title='bbox 1381 1266 1624 1311; x_wconf 88' lang='lat' dir='ltr'><strong>Teucrum</strong></span> 
     </span>
     <span class='ocr_line' id='line_1_20' title="bbox 194 1330 1440 1393; baseline -0.003 -13"><span class='ocrx_word' id='word_1_124' title='bbox 194 1332 451 1381; x_wconf 89' lang='lat' dir='ltr'><strong>Concurrit</strong></span> <span class='ocrx_word' id='word_1_125' title='bbox 487 1332 628 1393; x_wconf 89' lang='lat' dir='ltr'><strong>legio,</strong></span> <span class='ocrx_word' id='word_1_126' title='bbox 665 1348 756 1379; x_wconf 91' lang='lat' dir='ltr'><strong>nec</strong></span> <span class='ocrx_word' id='word_1_127' title='bbox 793 1341 928 1379; x_wconf 90' lang='lat' dir='ltr'><strong>scuta</strong></span> <span class='ocrx_word' id='word_1_128' title='bbox 963 1341 1046 1378; x_wconf 89' lang='lat' dir='ltr'><strong>aut</strong></span> <span class='ocrx_word' id='word_1_129' title='bbox 1083 1331 1267 1392; x_wconf 87' lang='lat' dir='ltr'><strong>spicula</strong></span> <span class='ocrx_word' id='word_1_130' title='bbox 1303 1330 1440 1378; x_wconf 90' lang='lat' dir='ltr'><strong>densi</strong></span> 
     </span>
     <span class='ocr_line' id='line_1_21' title="bbox 195 1398 1493 1460; baseline -0.002 -14"><span class='ocrx_word' id='word_1_131' title='bbox 195 1401 476 1460; x_wconf 86' lang='lat' dir='ltr'><strong>Deponunt.</strong></span> <span class='ocrx_word' id='word_1_132' title='bbox 553 1399 698 1446; x_wconf 85' lang='lat' dir='ltr'><strong>Celso</strong></span> <span class='ocrx_word' id='word_1_133' title='bbox 735 1398 925 1445; x_wconf 90' lang='lat' dir='ltr'><strong>medius</strong></span> <span class='ocrx_word' id='word_1_134' title='bbox 963 1409 1093 1444; x_wconf 87' lang='lat' dir='ltr'><strong>stans</strong></span> <span class='ocrx_word' id='word_1_135' title='bbox 1129 1413 1300 1458; x_wconf 88' lang='lat' dir='ltr'><strong>aggere</strong></span> <span class='ocrx_word' id='word_1_136' title='bbox 1338 1399 1493 1444; x_wconf 84' lang='lat' dir='ltr'><strong>fatur:</strong></span> 
     </span>
     <span class='ocr_line' id='line_1_22' title="bbox 197 1463 1836 1526; baseline -0.003 -15"><span class='ocrx_word' id='word_1_137' title='bbox 197 1467 306 1512; x_wconf 91' lang='lat' dir='ltr'><strong>‘Ne</strong></span> <span class='ocrx_word' id='word_1_138' title='bbox 342 1481 438 1526; x_wconf 91' lang='lat' dir='ltr'><strong>qua</strong></span> <span class='ocrx_word' id='word_1_139' title='bbox 474 1464 594 1512; x_wconf 91' lang='lat' dir='ltr'><strong>meis</strong></span> <span class='ocrx_word' id='word_1_140' title='bbox 631 1475 735 1512; x_wconf 89' lang='lat' dir='ltr'><strong>esto</strong></span> <span class='ocrx_word' id='word_1_141' title='bbox 773 1464 913 1511; x_wconf 88' lang='lat' dir='ltr'><strong>dictis</strong></span> <span class='ocrx_word' id='word_1_142' title='bbox 950 1481 1105 1522; x_wconf 66' lang='lat' dir='ltr'><strong>mora,</strong></span> <span class='ocrx_word' id='word_1_143' title='bbox 1143 1463 1363 1525; x_wconf 90' lang='lat' dir='ltr'><strong>Iuppiter</strong></span> <span class='ocrx_word' id='word_1_144' title='bbox 1397 1464 1488 1509; x_wconf 90' lang='lat' dir='ltr'><strong>hac</strong></span> <span class='ocrx_word' id='word_1_145' title='bbox 1525 1470 1641 1517; x_wconf 83' lang='lat' dir='ltr'><strong>stat3</strong></span> <span class='ocrx_word' id='word_1_146' title='bbox 1746 1465 1836 1522; x_wconf 86' lang='lat'><strong>565</strong></span> 
     </span>
     <span class='ocr_line' id='line_1_23' title="bbox 195 1529 1620 1592; baseline -0.004 -14"><span class='ocrx_word' id='word_1_147' title='bbox 195 1535 206 1555; x_wconf 91' lang='lat'>‘</span> <span class='ocrx_word' id='word_1_148' title='bbox 228 1533 339 1578; x_wconf 90' lang='lat' dir='ltr'><strong>Neu</strong></span> <span class='ocrx_word' id='word_1_149' title='bbox 376 1530 482 1592; x_wconf 91' lang='lat' dir='ltr'><strong>quis</strong></span> <span class='ocrx_word' id='word_1_150' title='bbox 519 1533 583 1578; x_wconf 95' lang='lat' dir='ltr'><strong>ob</strong></span> <span class='ocrx_word' id='word_1_151' title='bbox 621 1530 869 1592; x_wconf 88' lang='lat' dir='ltr'><strong>inceptum</strong></span> <span class='ocrx_word' id='word_1_152' title='bbox 907 1530 1122 1578; x_wconf 90' lang='lat' dir='ltr'><strong>subitum</strong></span> <span class='ocrx_word' id='word_1_153' title='bbox 1158 1530 1277 1576; x_wconf 89' lang='lat' dir='ltr'><strong>mihi</strong></span> <span class='ocrx_word' id='word_1_154' title='bbox 1314 1529 1505 1590; x_wconf 88' lang='lat' dir='ltr'><strong>segnior</strong></span> <span class='ocrx_word' id='word_1_155' title='bbox 1541 1529 1620 1574; x_wconf 89' lang='lat' dir='ltr'><strong>ito.</strong></span> 
     </span>
     <span class='ocr_line' id='line_1_24' title="bbox 195 1595 1580 1658; baseline -0.002 -13"><span class='ocrx_word' id='word_1_156' title='bbox 195 1598 415 1645; x_wconf 90' lang='lat' dir='ltr'><strong>‘Urbem</strong></span> <span class='ocrx_word' id='word_1_157' title='bbox 451 1598 613 1655; x_wconf 89' lang='lat' dir='ltr'><strong>hodie,</strong></span> <span class='ocrx_word' id='word_1_158' title='bbox 652 1613 874 1644; x_wconf 86' lang='lat' dir='ltr'><strong>caussam</strong></span> <span class='ocrx_word' id='word_1_159' title='bbox 912 1597 1040 1654; x_wconf 76' lang='lat' dir='ltr'><strong>beili,</strong></span> <span class='ocrx_word' id='word_1_160' title='bbox 1080 1612 1228 1658; x_wconf 89' lang='lat' dir='ltr'><strong>regna</strong></span> <span class='ocrx_word' id='word_1_161' title='bbox 1263 1596 1367 1657; x_wconf 88' lang='lat' dir='ltr'><strong>ipsa</strong></span> <span class='ocrx_word' id='word_1_162' title='bbox 1405 1595 1580 1653; x_wconf 88' lang='lat' dir='ltr'><strong>Latini,</strong></span> 
     </span>
     <span class='ocr_line' id='line_1_25' title="bbox 196 1662 1464 1724; baseline -0.002 -14"><span class='ocrx_word' id='word_1_163' title='bbox 196 1662 292 1710; x_wconf 93' lang='lat' dir='ltr'><strong>‘Ni</strong></span> <span class='ocrx_word' id='word_1_164' title='bbox 327 1665 515 1710; x_wconf 90' lang='lat' dir='ltr'><strong>frenum</strong></span> <span class='ocrx_word' id='word_1_165' title='bbox 552 1663 770 1724; x_wconf 86' lang='lat' dir='ltr'><strong>accipere</strong></span> <span class='ocrx_word' id='word_1_166' title='bbox 808 1674 853 1710; x_wconf 92' lang='lat' dir='ltr'><strong>et</strong></span> <span class='ocrx_word' id='word_1_167' title='bbox 890 1663 1002 1711; x_wconf 72' lang='lat' dir='ltr'><strong>victi</strong></span> <span class='ocrx_word' id='word_1_168' title='bbox 1038 1679 1205 1724; x_wconf 84' lang='lat' dir='ltr'><strong>parere</strong></span> <span class='ocrx_word' id='word_1_169' title='bbox 1243 1664 1464 1720; x_wconf 85' lang='lat' dir='ltr'><strong>fatentur,</strong></span> 
     </span>
     <span class='ocr_line' id='line_1_26' title="bbox 195 1729 1586 1791; baseline -0.001 -15"><span class='ocrx_word' id='word_1_170' title='bbox 195 1735 205 1754; x_wconf 93' lang='lat'>‘</span> <span class='ocrx_word' id='word_1_171' title='bbox 227 1731 420 1789; x_wconf 88' lang='lat' dir='ltr'><strong>Eruam,</strong></span> <span class='ocrx_word' id='word_1_172' title='bbox 459 1739 507 1778; x_wconf 93' lang='lat' dir='ltr'><strong>et</strong></span> <span class='ocrx_word' id='word_1_173' title='bbox 541 1746 698 1791; x_wconf 91' lang='lat' dir='ltr'><strong>aequa</strong></span> <span class='ocrx_word' id='word_1_174' title='bbox 734 1732 838 1777; x_wconf 95' lang='lat' dir='ltr'><strong>solo</strong></span> <span class='ocrx_word' id='word_1_175' title='bbox 875 1729 1110 1777; x_wconf 79' lang='lat' dir='ltr'><strong>fumantia</strong></span> <span class='ocrx_word' id='word_1_176' title='bbox 1146 1729 1360 1776; x_wconf 91' lang='lat' dir='ltr'><strong>culmina</strong></span> <span class='ocrx_word' id='word_1_177' title='bbox 1394 1744 1586 1790; x_wconf 89' lang='lat' dir='ltr'><strong>ponam.</strong></span> 
     </span>
    </p>
   </div>
   <div class='ocr_carea' id='block_1_2' title="bbox 192 1795 1840 2871">
    <p class='ocr_par' dir='ltr' id='par_1_2' title="bbox 195 1795 1840 1921">
     <span class='ocr_line' id='line_1_27' title="bbox 195 1795 1840 1859; baseline 0 -17"><span class='ocrx_word' id='word_1_178' title='bbox 195 1795 414 1843; x_wconf 83' lang='lat' dir='ltr'><strong>‘Scilicet</strong></span> <span class='ocrx_word' id='word_1_179' title='bbox 452 1807 718 1857; x_wconf 78' lang='lat' dir='ltr'><strong>expectem,</strong></span> <span class='ocrx_word' id='word_1_180' title='bbox 757 1797 904 1845; x_wconf 88' lang='lat' dir='ltr'><strong>libeat</strong></span> <span class='ocrx_word' id='word_1_181' title='bbox 940 1799 1058 1844; x_wconf 90' lang='lat' dir='ltr'><strong>dum</strong></span> <span class='ocrx_word' id='word_1_182' title='bbox 1094 1798 1277 1859; x_wconf 87' lang='lat' dir='ltr'><strong>proelia</strong></span> <span class='ocrx_word' id='word_1_183' title='bbox 1311 1799 1479 1843; x_wconf 86' lang='lat' dir='ltr'><strong>Turno</strong></span> <span class='ocrx_word' id='word_1_184' title='bbox 1747 1810 1840 1856; x_wconf 86' lang='lat'><strong>570</strong></span> 
     </span>
     <span class='ocr_line' id='line_1_28' title="bbox 198 1859 1554 1921; baseline 0.002 -16"><span class='ocrx_word' id='word_1_185' title='bbox 198 1863 208 1883; x_wconf 91' lang='lat'>‘</span> <span class='ocrx_word' id='word_1_186' title='bbox 230 1861 409 1906; x_wconf 91' lang='lat' dir='ltr'><strong>Nostra</strong></span> <span class='ocrx_word' id='word_1_187' title='bbox 442 1859 557 1920; x_wconf 93' lang='lat' dir='ltr'><strong>pati,</strong></span> <span class='ocrx_word' id='word_1_188' title='bbox 594 1876 854 1921; x_wconf 88' lang='lat' dir='ltr'><strong>rursusque</strong></span> <span class='ocrx_word' id='word_1_189' title='bbox 888 1860 1003 1908; x_wconf 86' lang='lat' dir='ltr'><strong>velit</strong></span> <span class='ocrx_word' id='word_1_190' title='bbox 1039 1877 1326 1909; x_wconf 90' lang='lat' dir='ltr'><strong>concurrere</strong></span> <span class='ocrx_word' id='word_1_191' title='bbox 1361 1860 1554 1908; x_wconf 90' lang='lat' dir='ltr'><strong>victus?</strong></span> 
     </span>
    </p>

    <p class='ocr_par' dir='ltr' id='par_1_3' title="bbox 199 1926 1574 1986">
     <span class='ocr_line' id='line_1_29' title="bbox 199 1926 1574 1986; baseline 0.001 -15"><span class='ocrx_word' id='word_1_192' title='bbox 199 1927 348 1972; x_wconf 92' lang='lat' dir='ltr'><strong>‘Hoc</strong></span> <span class='ocrx_word' id='word_1_193' title='bbox 383 1935 541 1986; x_wconf 89' lang='lat' dir='ltr'><strong>caput,</strong></span> <span class='ocrx_word' id='word_1_194' title='bbox 580 1942 609 1973; x_wconf 94' lang='lat' dir='ltr'><strong>o</strong></span> <span class='ocrx_word' id='word_1_195' title='bbox 647 1926 790 1985; x_wconf 83' lang='lat' dir='ltr'><strong>cives,</strong></span> <span class='ocrx_word' id='word_1_196' title='bbox 829 1927 958 1974; x_wconf 77' lang='lat' dir='ltr'><strong>haec·</strong></span> <span class='ocrx_word' id='word_1_197' title='bbox 987 1927 1103 1975; x_wconf 87' lang='lat' dir='ltr'><strong>belli</strong></span> <span class='ocrx_word' id='word_1_198' title='bbox 1140 1944 1329 1974; x_wconf 90' lang='lat' dir='ltr'><strong>summa</strong></span> <span class='ocrx_word' id='word_1_199' title='bbox 1364 1927 1574 1975; x_wconf 89' lang='lat' dir='ltr'><strong>nefandi.</strong></span> 
     </span>
    </p>

    <p class='ocr_par' dir='ltr' id='par_1_4' title="bbox 198 1992 1642 2120">
     <span class='ocr_line' id='line_1_30' title="bbox 198 1992 1642 2063; baseline 0.002 -26"><span class='ocrx_word' id='word_1_200' title='bbox 198 1995 208 2014; x_wconf 91' lang='lat'>‘</span> <span class='ocrx_word' id='word_1_201' title='bbox 231 1992 370 2063; x_wconf 65' lang='lat' dir='ltr'><strong>Eerte</strong></span> <span class='ocrx_word' id='word_1_202' title='bbox 403 1993 533 2039; x_wconf 90' lang='lat' dir='ltr'><strong>faces</strong></span> <span class='ocrx_word' id='word_1_203' title='bbox 568 2009 786 2053; x_wconf 89' lang='lat' dir='ltr'><strong>propere,</strong></span> <span class='ocrx_word' id='word_1_204' title='bbox 824 1994 1094 2055; x_wconf 89' lang='lat' dir='ltr'><strong>foedusque</strong></span> <span class='ocrx_word' id='word_1_205' title='bbox 1130 1995 1370 2055; x_wconf 87' lang='lat' dir='ltr'><strong>reposcite</strong></span> <span class='ocrx_word' id='word_1_206' title='bbox 1406 1993 1642 2041; x_wconf 82' lang='lat' dir='ltr'><strong>flammis&#39;</strong></span> 
     </span>
     <span class='ocr_line' id='line_1_31' title="bbox 199 2058 1555 2120; baseline 0.004 -17"><span class='ocrx_word' id='word_1_207' title='bbox 199 2058 412 2116; x_wconf 78' lang='lat' dir='ltr'><strong>Dixerat,</strong></span> <span class='ocrx_word' id='word_1_208' title='bbox 449 2066 595 2119; x_wconf 88' lang='lat' dir='ltr'><strong>atque</strong></span> <span class='ocrx_word' id='word_1_209' title='bbox 630 2059 804 2106; x_wconf 89' lang='lat' dir='ltr'><strong>animis</strong></span> <span class='ocrx_word' id='word_1_210' title='bbox 840 2060 1016 2120; x_wconf 88' lang='lat' dir='ltr'><strong>pariter</strong></span> <span class='ocrx_word' id='word_1_211' title='bbox 1051 2061 1346 2108; x_wconf 88' lang='lat' dir='ltr'><strong>certantibus</strong></span> <span class='ocrx_word' id='word_1_212' title='bbox 1384 2077 1555 2108; x_wconf 90' lang='lat' dir='ltr'><strong>omnes</strong></span> 
     </span>
    </p>

    <p class='ocr_par' dir='ltr' id='par_1_5' title="bbox 196 2124 1836 2255">
     <span class='ocr_line' id='line_1_32' title="bbox 197 2124 1836 2189; baseline 0.003 -20"><span class='ocrx_word' id='word_1_213' title='bbox 197 2124 330 2174; x_wconf 89' lang='lat' dir='ltr'><strong>Dant</strong></span> <span class='ocrx_word' id='word_1_214' title='bbox 365 2139 591 2182; x_wconf 90' lang='lat' dir='ltr'><strong>cuneum,</strong></span> <span class='ocrx_word' id='word_1_215' title='bbox 631 2126 880 2186; x_wconf 90' lang='lat' dir='ltr'><strong>densaque</strong></span> <span class='ocrx_word' id='word_1_216' title='bbox 916 2127 978 2173; x_wconf 90' lang='lat' dir='ltr'><strong>ad</strong></span> <span class='ocrx_word' id='word_1_217' title='bbox 1015 2143 1179 2174; x_wconf 87' lang='lat' dir='ltr'><strong>muros</strong></span> <span class='ocrx_word' id='word_1_218' title='bbox 1215 2129 1346 2174; x_wconf 88' lang='lat' dir='ltr'><strong>mole</strong></span> <span class='ocrx_word' id='word_1_219' title='bbox 1380 2128 1608 2175; x_wconf 86' lang='lat' dir='ltr'><strong>feruntur.</strong></span> <span class='ocrx_word' id='word_1_220' title='bbox 1748 2143 1836 2189; x_wconf 89' lang='lat'><strong>575</strong></span> 
     </span>
     <span class='ocr_line' id='line_1_33' title="bbox 196 2189 1397 2256; baseline 0.004 -20"><span class='ocrx_word' id='word_1_221' title='bbox 196 2190 363 2237; x_wconf 81' lang='lat' dir='ltr'><strong>Scalae</strong></span> <span class='ocrx_word' id='word_1_222' title='bbox 399 2189 646 2251; x_wconf 88' lang='lat' dir='ltr'><strong>inproviso</strong></span> <span class='ocrx_word' id='word_1_223' title='bbox 683 2193 967 2254; x_wconf 90' lang='lat' dir='ltr'><strong>subtusque</strong></span> <span class='ocrx_word' id='word_1_224' title='bbox 1003 2193 1224 2255; x_wconf 90' lang='lat' dir='ltr'><strong>adparuit</strong></span> <span class='ocrx_word' id='word_1_225' title='bbox 1260 2194 1397 2256; x_wconf 90' lang='lat' dir='ltr'><strong>ignis</strong></span> 
     </span>
    </p>

    <p class='ocr_par' dir='ltr' id='par_1_6' title="bbox 195 2255 1509 2321">
     <span class='ocr_line' id='line_1_34' title="bbox 195 2255 1509 2321; baseline 0.005 -19"><span class='ocrx_word' id='word_1_226' title='bbox 195 2255 484 2303; x_wconf 90' lang='lat' dir='ltr'><strong>Discurrunt</strong></span> <span class='ocrx_word' id='word_1_227' title='bbox 520 2256 601 2304; x_wconf 88' lang='lat' dir='ltr'><strong>alii</strong></span> <span class='ocrx_word' id='word_1_228' title='bbox 637 2259 700 2305; x_wconf 91' lang='lat' dir='ltr'><strong>ad</strong></span> <span class='ocrx_word' id='word_1_229' title='bbox 735 2268 899 2319; x_wconf 89' lang='lat' dir='ltr'><strong>portas</strong></span> <span class='ocrx_word' id='word_1_230' title='bbox 935 2259 1215 2321; x_wconf 90' lang='lat' dir='ltr'><strong>primosque</strong></span> <span class='ocrx_word' id='word_1_231' title='bbox 1251 2260 1509 2318; x_wconf 90' lang='lat' dir='ltr'><strong>trucidant,</strong></span> 
     </span>
    </p>

    <p class='ocr_par' dir='ltr' id='par_1_7' title="bbox 194 2322 1576 2385">
     <span class='ocr_line' id='line_1_35' title="bbox 194 2322 1576 2385; baseline 0.004 -17"><span class='ocrx_word' id='word_1_232' title='bbox 194 2322 394 2370; x_wconf 89' lang='lat' dir='ltr'><strong>Ferrum</strong></span> <span class='ocrx_word' id='word_1_233' title='bbox 429 2322 509 2370; x_wconf 92' lang='lat' dir='ltr'><strong>alii</strong></span> <span class='ocrx_word' id='word_1_234' title='bbox 545 2333 774 2385; x_wconf 90' lang='lat' dir='ltr'><strong>torquent</strong></span> <span class='ocrx_word' id='word_1_235' title='bbox 811 2334 858 2372; x_wconf 90' lang='lat' dir='ltr'><strong>et</strong></span> <span class='ocrx_word' id='word_1_236' title='bbox 893 2327 1188 2374; x_wconf 89' lang='lat' dir='ltr'><strong>obumbrant</strong></span> <span class='ocrx_word' id='word_1_237' title='bbox 1223 2328 1421 2374; x_wconf 85' lang='lat' dir='ltr'><strong>aethera</strong></span> <span class='ocrx_word' id='word_1_238' title='bbox 1455 2326 1576 2385; x_wconf 89' lang='lat' dir='ltr'><strong>telis,</strong></span> 
     </span>
    </p>

    <p class='ocr_par' dir='ltr' id='par_1_8' title="bbox 194 2387 1487 2451">
     <span class='ocr_line' id='line_1_36' title="bbox 194 2387 1487 2451; baseline 0.005 -17"><span class='ocrx_word' id='word_1_239' title='bbox 194 2389 308 2450; x_wconf 91' lang='lat' dir='ltr'><strong>Ipse</strong></span> <span class='ocrx_word' id='word_1_240' title='bbox 343 2387 467 2436; x_wconf 90' lang='lat' dir='ltr'><strong>inter</strong></span> <span class='ocrx_word' id='word_1_241' title='bbox 501 2389 682 2451; x_wconf 89' lang='lat' dir='ltr'><strong>primos</strong></span> <span class='ocrx_word' id='word_1_242' title='bbox 719 2392 937 2439; x_wconf 89' lang='lat' dir='ltr'><strong>dextram</strong></span> <span class='ocrx_word' id='word_1_243' title='bbox 975 2394 1065 2440; x_wconf 90' lang='lat' dir='ltr'><strong>sub</strong></span> <span class='ocrx_word' id='word_1_244' title='bbox 1102 2392 1298 2441; x_wconf 90' lang='lat' dir='ltr'><strong>moenia</strong></span> <span class='ocrx_word' id='word_1_245' title='bbox 1332 2393 1487 2442; x_wconf 89' lang='lat' dir='ltr'><strong>tendit</strong></span> 
     </span>
    </p>

    <p class='ocr_par' dir='ltr' id='par_1_9' title="bbox 193 2456 1837 2588">
     <span class='ocr_line' id='line_1_37' title="bbox 197 2456 1837 2521; baseline 0.002 -19"><span class='ocrx_word' id='word_1_246' title='bbox 197 2456 399 2513; x_wconf 86' lang='lat' dir='ltr'><strong>Aeneas,</strong></span> <span class='ocrx_word' id='word_1_247' title='bbox 436 2472 712 2518; x_wconf 89' lang='lat' dir='ltr'><strong>magnaque</strong></span> <span class='ocrx_word' id='word_1_248' title='bbox 746 2458 937 2505; x_wconf 91' lang='lat' dir='ltr'><strong>incusat</strong></span> <span class='ocrx_word' id='word_1_249' title='bbox 973 2475 1094 2507; x_wconf 91' lang='lat' dir='ltr'><strong>voce</strong></span> <span class='ocrx_word' id='word_1_250' title='bbox 1132 2460 1380 2519; x_wconf 89' lang='lat' dir='ltr'><strong>Latinum,</strong></span> <span class='ocrx_word' id='word_1_251' title='bbox 1741 2462 1837 2521; x_wconf 84' lang='lat'><strong>580</strong></span> 
     </span>
     <span class='ocr_line' id='line_1_38' title="bbox 193 2493 1448 2588; baseline 0.004 -21"><span class='ocrx_word' id='word_1_252' title='bbox 193 2493 515 2583; x_wconf 74' lang='lat' dir='ltr'><strong>Testatiirque</strong></span> <span class='ocrx_word' id='word_1_253' title='bbox 551 2524 670 2570; x_wconf 93' lang='lat' dir='ltr'><strong>deos</strong></span> <span class='ocrx_word' id='word_1_254' title='bbox 706 2522 879 2572; x_wconf 89' lang='lat' dir='ltr'><strong>iterum</strong></span> <span class='ocrx_word' id='word_1_255' title='bbox 917 2541 968 2572; x_wconf 91' lang='lat' dir='ltr'><strong>se</strong></span> <span class='ocrx_word' id='word_1_256' title='bbox 1005 2527 1069 2573; x_wconf 93' lang='lat' dir='ltr'><strong>ad</strong></span> <span class='ocrx_word' id='word_1_257' title='bbox 1104 2525 1289 2587; x_wconf 85' lang='lat' dir='ltr'><strong>proelia</strong></span> <span class='ocrx_word' id='word_1_258' title='bbox 1326 2525 1448 2588; x_wconf 89' lang='lat' dir='ltr'><strong>cogi,</strong></span> 
     </span>
    </p>

    <p class='ocr_par' dir='ltr' id='par_1_10' title="bbox 192 2585 1722 2716">
     <span class='ocr_line' id='line_1_39' title="bbox 192 2585 1722 2655; baseline 0.003 -22"><span class='ocrx_word' id='word_1_259' title='bbox 192 2586 273 2634; x_wconf 92' lang='lat' dir='ltr'><strong>Bis</strong></span> <span class='ocrx_word' id='word_1_260' title='bbox 306 2585 403 2634; x_wconf 89' lang='lat' dir='ltr'><strong>iam</strong></span> <span class='ocrx_word' id='word_1_261' title='bbox 439 2590 592 2636; x_wconf 89' lang='lat' dir='ltr'><strong>Italos</strong></span> <span class='ocrx_word' id='word_1_262' title='bbox 627 2589 806 2649; x_wconf 90' lang='lat' dir='ltr'><strong>hostes,</strong></span> <span class='ocrx_word' id='word_1_263' title='bbox 845 2592 968 2638; x_wconf 88' lang='lat' dir='ltr'><strong>haec</strong></span> <span class='ocrx_word' id='word_1_264' title='bbox 1002 2591 1099 2638; x_wconf 90' lang='lat' dir='ltr'><strong>iam</strong></span> <span class='ocrx_word' id='word_1_265' title='bbox 1134 2594 1285 2640; x_wconf 93' lang='lat' dir='ltr'><strong>altera</strong></span> <span class='ocrx_word' id='word_1_266' title='bbox 1320 2593 1520 2640; x_wconf 85' lang='lat' dir='ltr'><strong>foedera</strong></span> <span class='ocrx_word' id='word_1_267' title='bbox 1553 2593 1722 2655; x_wconf 82' lang='lat' dir='ltr'><strong>rumpi</strong></span> 
     </span>
     <span class='ocr_line' id='line_1_40' title="bbox 193 2651 1297 2716; baseline 0.007 -18"><span class='ocrx_word' id='word_1_268' title='bbox 193 2651 420 2700; x_wconf 86' lang='lat' dir='ltr'><strong>Exoritur</strong></span> <span class='ocrx_word' id='word_1_269' title='bbox 453 2654 668 2716; x_wconf 92' lang='lat' dir='ltr'><strong>trepidos</strong></span> <span class='ocrx_word' id='word_1_270' title='bbox 703 2657 828 2704; x_wconf 92' lang='lat' dir='ltr'><strong>inter</strong></span> <span class='ocrx_word' id='word_1_271' title='bbox 863 2657 1108 2705; x_wconf 92' lang='lat' dir='ltr'><strong>discordia</strong></span> <span class='ocrx_word' id='word_1_272' title='bbox 1144 2658 1297 2706; x_wconf 88' lang='lat' dir='ltr'><strong>civ:es</strong></span> 
     </span>
    </p>

    <p class='ocr_par' dir='ltr' id='par_1_11' title="bbox 192 2719 1483 2798">
     <span class='ocr_line' id='line_1_41' title="bbox 192 2719 1483 2798; baseline 0.005 -32"><span class='ocrx_word' id='word_1_273' title='bbox 192 2719 379 2767; x_wconf 88' lang='lat' dir='ltr'><strong>Urbem</strong></span> <span class='ocrx_word' id='word_1_274' title='bbox 415 2719 496 2768; x_wconf 92' lang='lat' dir='ltr'><strong>alii</strong></span> <span class='ocrx_word' id='word_1_275' title='bbox 530 2736 741 2770; x_wconf 87' lang='lat' dir='ltr'><strong>reserare</strong></span> <span class='ocrx_word' id='word_1_276' title='bbox 777 2723 947 2771; x_wconf 90' lang='lat' dir='ltr'><strong>iubent</strong></span> <span class='ocrx_word' id='word_1_277' title='bbox 985 2733 1031 2771; x_wconf 88' lang='lat' dir='ltr'><strong>et</strong></span> <span class='ocrx_word' id='word_1_278' title='bbox 1066 2725 1284 2798; x_wconf 89' lang='lat' dir='ltr'><strong>pandere</strong></span> <span class='ocrx_word' id='word_1_279' title='bbox 1319 2734 1483 2787; x_wconf 90' lang='lat' dir='ltr'><strong>portas</strong></span> 
     </span>
    </p>

    <p class='ocr_par' dir='ltr' id='par_1_12' title="bbox 192 2785 1829 2871">
     <span class='ocr_line' id='line_1_42' title="bbox 192 2785 1829 2871; baseline 0.002 -39"><span class='ocrx_word' id='word_1_280' title='bbox 192 2785 500 2845; x_wconf 84' lang='lat' dir='ltr'><strong>Dardanidis,</strong></span> <span class='ocrx_word' id='word_1_281' title='bbox 538 2786 797 2871; x_wconf 85' lang='lat' dir='ltr'><strong>ipsumque</strong></span> <span class='ocrx_word' id='word_1_282' title='bbox 831 2790 1027 2838; x_wconf 86' lang='lat' dir='ltr'><strong>trahunt</strong></span> <span class='ocrx_word' id='word_1_283' title='bbox 1062 2790 1111 2838; x_wconf 90' lang='lat' dir='ltr'><strong>in</strong></span> <span class='ocrx_word' id='word_1_284' title='bbox 1149 2791 1345 2840; x_wconf 87' lang='lat' dir='ltr'><strong>moenia</strong></span> <span class='ocrx_word' id='word_1_285' title='bbox 1379 2808 1567 2854; x_wconf 76' lang='lat' dir='ltr'><strong>regem5</strong></span> <span class='ocrx_word' id='word_1_286' title='bbox 1739 2791 1798 2850; x_wconf 83' lang='grc'><strong>58</strong></span> <span class='ocrx_word' id='word_1_287' title='bbox 1807 2803 1829 2850; x_wconf 86' lang='grc'>5</span> 
     </span>
    </p>
   </div>
  </div>
 </body>
</html>
