1994 3055
686 105 988 150 AENEJD
997 105 1084 152 OS
1126 107 1264 152 ΜΒ.
1305 109 1430 154 XJJ.
1819 135 1874 177 μ,

230 211 440 272 Fertque
475 209 715 270 refertque
752 225 945 267 sonanS,
985 210 1298 274 clipeumque
1336 216 1584 263 everberat
1620 218 1716 264 alis.

229 276 309 324 Illi
344 277 565 323 membra
599 291 756 323 novus
792 275 934 323 solvit
970 278 1228 325 formidine
1265 288 1443 340 torpor,

226 345 553 404 Arrectaeque
590 343 786 389 horrore
823 358 1009 401 comae,
1049 353 1096 390 et
1133 361 1227 392 vox
1263 346 1484 394 faucibus
1521 348 1685 396 haesit

229 412 305 467 At,
343 411 514 471 procul
549 418 601 455 ut
639 408 786 455 Dirae
824 408 1079 456 stridorem
1116 411 1349 472 adgnovit
1385 422 1432 460 et
1468 415 1581 473 alas,

228 475 406 523 Infelix
441 475 600 523 crines
636 475 814 522 scindit
851 477 1053 522 Iuturna
1089 478 1287 535 solutos,
1785 486 1878 542 870

228 541 488 604 Unguibus
524 558 608 589 ora
644 557 778 589 soror
812 542 1018 589 foedans
1058 552 1105 590 et
1142 553 1341 604 pectora
1375 546 1573 607 pugnis:

227 611 238 632 ‘
260 608 393 669 Quid
428 624 561 655 nunc
596 617 644 655 te
679 618 774 666 tua,
813 609 992 666 Turne,
1031 618 1192 670 potest
1227 626 1456 671 germana
1491 613 1680 661 iuvare?

228 677 357 722 ‘Aut
394 675 513 737 quid
549 674 645 721 iam
682 675 830 721 durae
868 685 1063 735 superat
1100 676 1245 724 mihi?
1283 693 1379 738 qua
1415 679 1502 726 tibi
1539 681 1699 727 lucem

227 744 376 789 ‘Arte
411 743 600 788 morer?
634 741 766 788 talin'
802 756 1003 802 possum
1040 758 1117 789 me
1155 758 1404 804 opponere
1441 750 1692 794 monstro?

226 810 365 855 ‘Iam
401 807 497 854 iam
533 807 703 868 linquo
740 807 881 855 acies.
957 810 1035 855 Ne
1072 824 1149 856 me
1186 820 1358 857 terrete
1396 811 1661 870 timentem,
1784 816 1839 873 87
1851 830 1874 876 5

226 878 237 898 ‘
259 876 520 923 Obscenae
556 876 777 921 volucres
789 893 801 934 3
837 875 1021 921 alarum
1058 877 1258 923 verbera
1293 893 1447 925 nosco

226 946 237 966 ‘
258 942 576 1003 Letalemque
613 956 815 999 sonum,
854 957 946 988 nec
981 942 1152 988 fallunt
1189 942 1319 990 iussa
1354 946 1563 1006 superba

225 1011 237 1031 ‘
260 1007 567 1070 Magnanimi
604 1007 749 1054 Iovis.
824 1009 967 1054 Haec
1003 1024 1091 1069 pro
1127 1009 1397 1083 virginitate
1435 1012 1657 1073 reponit?

225 1078 236 1098 ‘
258 1075 372 1135 Quo
408 1074 556 1121 vitam
592 1074 729 1121 dedit
764 1078 1042 1122 aeternam?
1077 1091 1162 1121 cur
1196 1077 1364 1124 mortis
1401 1079 1630 1140 adempta
1667 1089 1739 1126 est

223 1145 235 1165 ⁴
257 1140 532 1189 Condicio?
566 1156 763 1202 possem
800 1150 960 1188 tantos
998 1141 1132 1189 finire
1169 1143 1362 1190 dolores
1781 1149 1876 1193 880

224 1211 234 1230 ‘
256 1209 406 1255 Nunc
441 1217 584 1265 certe,
624 1218 672 1254 et
708 1224 884 1255 misero
920 1208 1048 1255 fratri
1085 1225 1250 1255 comes
1286 1209 1353 1257 ire
1390 1227 1475 1271 per
1510 1213 1717 1259 umbras.

223 1278 234 1298 ‘
259 1274 537 1322 Inmortalis
574 1275 696 1335 ego?
731 1284 815 1321 aut
851 1273 1114 1335 quicquam
1151 1276 1268 1321 mihi
1306 1277 1447 1324 dulce
1484 1294 1702 1325 meorum

223 1343 329 1388 ‘Te
365 1341 482 1399 sine,
521 1342 678 1396 frater,
718 1341 835 1388 erit?
907 1342 950 1389 O
989 1357 1114 1402 quae
1152 1342 1265 1389 satis
1303 1342 1399 1389 ima
1435 1344 1654 1392 dehiscat

223 1411 233 1431 ‘
256 1409 407 1454 Terra
442 1407 574 1465 mihi,
616 1409 888 1468 Manesque
926 1408 1069 1454 deam
1107 1408 1328 1456 demittat
1364 1411 1425 1456 ad
1463 1410 1636 1458 imosl'

221 1475 437 1521 Tantum
474 1475 631 1532 effata,
671 1483 816 1535 caput
851 1475 1024 1535 glauco
1061 1475 1278 1522 contexit
1313 1477 1507 1533 amictu,
1779 1480 1871 1540 885

226 1542 385 1587 Multa
419 1556 635 1602 gemens,
676 1550 722 1588 et
759 1556 809 1587 se
846 1540 994 1587 fluvio
1030 1542 1123 1587 dea
1158 1541 1379 1589 condidit
1415 1545 1524 1590 alto.

284 1609 479 1654 Aeneas
515 1607 663 1654 instat
698 1616 868 1654 contra
904 1608 1155 1668 telumque
1192 1619 1428 1667 coruscat,

223 1676 416 1735 Ingens,
454 1675 726 1731 arboreum,
766 1682 813 1720 et
850 1689 994 1720 saevo
1033 1673 1102 1720 sic
1138 1685 1336 1735 pectore
1374 1677 1518 1723 fatur:

220 1746 230 1764 ⁴
252 1742 394 1801 Quae
449 1757 582 1787 nunc
640 1740 819 1788 deinde
878 1756 1014 1787 mora
1071 1742 1173 1787 est?
1230 1753 1313 1788 aut
1366 1742 1485 1803 quid
1533 1743 1643 1801 iam,
1692 1746 1872 1802 Turne,

351 1809 610 1855 retractas?

220 1876 366 1921 ‘Non
404 1890 560 1932 cursu,
599 1873 753 1921 saevis
789 1874 1076 1921 certandum
1113 1884 1186 1921 est
1221 1875 1495 1923 comminus
1531 1876 1650 1922 armi
1654 1894 1686 1924 s.
1778 1880 1873 1937 890

220 1942 398 1988 ‘Verte
435 1957 608 1988 omnes
644 1950 742 1987 tete
779 1940 829 1986 in
864 1940 1025 1997 facies,
1065 1950 1113 1988 et
1149 1943 1393 2000 contrahe,
1433 1942 1675 2004 quidquid

220 2008 361 2055 ‘Sive
397 2007 571 2054 animis
607 2006 706 2054 sive
742 2016 843 2054 arte
879 2008 1033 2066 vales·
1069 2017 1186 2068 opta
1221 2010 1372 2055 ardua
1407 2010 1580 2070 pennis

220 2076 396 2121 ‘Astra
431 2073 581 2135 sequi,
621 2075 936 2134 clausumque
974 2089 1092 2120 cava
1128 2084 1175 2121 te
1211 2076 1423 2122 condere
1460 2077 1610 2122 terra.'

220 2141 308 2188 Ille
345 2150 492 2202 caput
528 2156 786 2201 quassans:
826 2144 836 2163 ‘
858 2142 974 2187 Non
1011 2156 1090 2188 me
1127 2149 1210 2187 tua
1244 2141 1427 2188 fervida
1462 2151 1640 2190 terrent

219 2211 230 2231 ⁶
252 2207 413 2264 Dicta,
450 2209 613 2254 ferox:
651 2207 701 2253 di
737 2223 815 2253 me
851 2216 1031 2254 terrent
1068 2216 1115 2254 et
1152 2208 1374 2269 Iuppiter
1409 2208 1592 2256 hostis.'
1776 2212 1835 2269 89
1844 2225 1866 2270 5

218 2275 328 2321 Nec
361 2275 502 2336 plura
538 2275 727 2332 effatus,
763 2289 932 2320 saxum
968 2273 1296 2336 circumspicit
1330 2276 1514 2336 ingens,

217 2342 393 2388 Saxum
429 2340 699 2402 antiquum,
737 2340 908 2401 ingens
944 2356 1120 2402 campo
1157 2342 1291 2402 quod
1327 2342 1449 2389 forte
1486 2342 1690 2399 iacebat,

218 2407 381 2455 Limes
416 2423 532 2469 agro
567 2407 769 2469 positus,
808 2407 942 2454 litem
978 2416 1030 2453 ut
1066 2407 1359 2455 discerneret
1395 2409 1517 2455 arvis
1529 2427 1540 2467 3

217 2473 314 2520 Vix
346 2473 468 2522 illud
504 2473 616 2521 lecti
653 2474 726 2521 bis
763 2490 847 2521 sex
883 2473 1070 2521 cervice
1106 2474 1337 2531 subirent,

218 2540 396 2601 Qualia
429 2557 562 2587 nunc
597 2540 853 2588 hominum
888 2539 1115 2602 producit
1151 2557 1356 2602 corpora
1393 2542 1557 2589 tellus:
1776 2557 1869 2601 900

218 2609 310 2654 Ille
345 2623 493 2653 manu
527 2616 719 2668 raptum
756 2606 946 2668 trepida
981 2608 1240 2668 torquebat
1276 2607 1325 2653 in
1362 2609 1587 2666 hostem‚.

217 2674 374 2720 Altior
409 2672 663 2735 insurgens
700 2683 748 2720 et
784 2689 926 2720 cursu
964 2673 1186 2721 concitus
1223 2675 1378 2721 heros.

216 2740 312 2787 Sed
347 2755 509 2801 neque
543 2750 816 2787 currentem
853 2756 904 2787 se
940 2755 1032 2786 nec
1068 2740 1321 2801 cognoscit
1358 2751 1569 2798 euntem,

216 2807 558 2854 Tollentemve
594 2823 741 2853 manu
778 2822 1048 2867 saxumque
1085 2806 1281 2853 inmane
1320 2817 1626 2863 moventem;
