1994 3055
149 102 208 146 26
564 99 621 144 P.
678 97 990 147 VERGILI
1028 97 1193 144 MAR
1202 97 1374 146 ONIS

153 205 288 251 Parte
322 202 416 250 alia
450 202 614 250 media
650 203 896 249 Eumedes
933 201 982 248 in
1017 201 1200 262 proelia
1236 203 1393 259 fertur,

146 269 349 330 Antiqui
383 270 544 331 proles
581 270 710 316 bello
746 268 995 328 praeclara
1031 267 1255 326 Dolonis,

146 336 362 383 Nomine
396 351 542 381 avum
577 335 798 389 referens,
832 333 997 381 animo
1035 333 1358 394 manibusque
1394 345 1659 396 parentem.

147 400 245 462 Qui
280 401 547 462 quondam,
585 410 740 446 castra
774 409 828 446 ut
865 401 1093 446 Danaum
1131 401 1406 460 speculator
1440 401 1609 458 adiret,

145 470 307 514 Ausus
344 466 544 514 Pelidae
577 466 787 527 pretium
823 465 914 512 sibi
950 481 1150 527 poscere
1186 481 1352 512 currus
1364 485 1378 526 3
1698 483 1795 528 350

149 535 293 579 illum
329 532 546 594 Tydides
581 531 677 579 alio
711 548 799 593 pro
835 531 1012 578 talibus
1048 531 1176 578 ausis

147 598 340 647 Adfecit
374 599 545 660 pretio,
583 614 677 646 nec
711 597 849 659 equis
885 598 1097 659 adspirat
1132 597 1347 644 Achillis.

151 667 301 712 Hunc
336 666 504 726 procul
541 673 595 711 ut
629 681 804 725 campo
840 666 1036 711 Turnus
1071 664 1315 725 prospexit
1344 673 1528 726 aperto,

149 734 275 779 Ante
311 731 403 778 levi
439 731 598 778 iaculo
633 732 835 792 longum
870 746 956 792 per
992 730 1135 777 inane
1171 739 1380 789 secutus,

145 797 277 845 Sistit
301 813 452 858 equos
489 797 677 858 biiuges
712 807 760 844 et
796 813 934 843 curru
972 797 1146 853 desilit,
1183 805 1331 857 atque
1703 812 1792 860 355

146 863 426 911 Semianimi
461 865 697 925 lapsoque
733 863 1024 924 supervenit,
1061 872 1108 910 et
1143 864 1269 924 pede
1305 864 1434 910 collo

149 932 388 991 Inpresso,
428 931 623 978 dextrae
660 945 944 976 mucronem
982 938 1251 1002 extorquet
1271 938 1318 976 et
1353 931 1453 976 alto

147 998 432 1057 Fulgentem
471 996 646 1055 tinguit
681 996 811 1057 iugu}
819 1012 861 1053 o,
900 1005 1047 1056 atque
1083 997 1205 1042 haec
1239 995 1436 1068 insuper
1471 995 1635 1043 addit:

147 1065 267 1119 ‘En,
306 1078 459 1123 agros,
499 1071 559 1120 et,
599 1079 747 1135 quam
782 1034 929 1127 bello,
966 1061 1192 1119 Troiane,
1231 1062 1408 1123 petisti,

147 1132 158 1154 ‘
180 1129 472 1201 Hesperiam
507 1129 623 1175 meti
628 1145 677 1174 re
716 1128 900 1175 iacens:
936 1129 1059 1175 haec
1094 1128 1323 1189 praemia,
1362 1128 1445 1189 qui
1481 1145 1559 1175 me
1701 1131 1794 1190 360

148 1196 326 1242 ‘Ferro
362 1194 467 1241 ausi
503 1204 754 1255 temptare,
793 1196 974 1252 ferunt·
1011 1194 1080 1241 sic
1114 1194 1309 1241 moenia
1346 1195 1593 1241 condunt.'

148 1261 279 1307 Huic
315 1260 544 1308 comitem
582 1263 801 1322 Asbyten
837 1259 1060 1307 coniecta
1095 1260 1298 1321 cuspide
1334 1261 1493 1317 mittit,

146 1327 450 1388 Chloreaque
487 1326 804 1388 Sybarimque
842 1328 1121 1388 Daretaque
1157 1326 1628 1388 Thersilochumque

150 1395 208 1440 Et
245 1393 473 1440 sternacis
511 1393 622 1454 equi
657 1394 849 1454 lapsum
886 1392 1073 1440 cervice
1109 1393 1435 1454 Thymoeten.

146 1462 217 1505 Ac
252 1461 385 1506 velut
422 1459 584 1506 Edoni
621 1461 807 1506 Boreae
843 1475 955 1506 cum
993 1458 1188 1520 spiritus
1223 1461 1322 1506 alto
1699 1463 1791 1522 365

145 1528 349 1573 Insonat
386 1528 597 1586 Aegaeo,
634 1525 947 1587 sequiturque
986 1527 1047 1572 ad
1085 1526 1224 1573 litora
1260 1526 1435 1573 fluctus
1447 1543 1459 1585 3

145 1593 256 1652 Qua
290 1591 421 1639 venti
456 1592 735 1648 incubuere,
773 1593 936 1652 fugam
974 1593 1092 1638 dant
1127 1592 1295 1638 nubila
1331 1594 1494 1639 caelo:

144 1658 222 1705 Sic
256 1660 438 1714 Turno,
478 1674 786 1719 quacumque
822 1658 951 1704 viam
986 1667 1132 1714 secat,
1171 1659 1364 1719 agmina
1401 1659 1580 1705 cedunt

145 1725 520 1785 Conversaeque
554 1734 701 1771 ruunt
737 1723 865 1771 acies
876 1741 890 1782 3
925 1725 1015 1771 fert
1050 1724 1258 1785 impetus
1293 1724 1467 1786 ipsum,

147 1793 207 1837 Et
242 1790 435 1837 cristam
471 1791 675 1838 adverso
712 1807 851 1837 curru
888 1790 1045 1851 quatit
1079 1807 1196 1837 aura
1231 1792 1487 1838 volantem.
1697 1806 1790 1852 370

145 1858 260 1903 Non
295 1856 405 1904 tulit
441 1856 704 1904 instantem
741 1858 963 1918 Phegeus
1000 1856 1272 1918 animisque
1310 1858 1618 1915 frementem3

145 1922 341 1971 Obiecit
375 1939 481 1970 sese
517 1924 579 1970 ad
615 1939 822 1981 currum,
862 1933 910 1970 et
945 1923 1222 1984 spumantia
1258 1923 1403 1971 frenis

143 1990 242 2037 Ora
277 1988 535 2036 citatorum
572 1990 739 2036 dextra
776 1989 979 2037 detorsit
1015 2005 1266 2050 equorum.

146 2057 276 2102 Dum
313 2055 513 2102 trahitur
547 2056 829 2117 pendetque
866 2056 1002 2116 iugis,
1040 2057 1173 2102 hunc
1207 2057 1306 2103 lata
1340 2065 1575 2103 retectum
1659 2107 1664 2111 ‚

146 2124 338 2169 Lancea
372 2122 699 2183 consequitur,
737 2122 1016 2183 rumpitque
1050 2122 1196 2168 infura
1228 2122 1427 2170 bilicem
1696 2138 1787 2184 375

146 2188 382 2245 Loricam,
421 2198 469 2235 et
505 2205 748 2235 summum
786 2190 1011 2250 degustat
1046 2191 1242 2236 volnere
1279 2205 1467 2249 corpus.

150 2255 233 2301 llle
270 2266 432 2301 tamen
468 2255 626 2315 clipeo
663 2254 858 2302 obiecto
895 2271 1157 2302 conversus
1193 2254 1243 2300 in
1278 2256 1470 2302 hostem

146 2322 267 2375 Ibat,
304 2331 352 2369 et
387 2320 617 2367 auxilium
653 2322 803 2369 ducto
839 2337 1073 2368 mucrone
1108 2322 1307 2382 petebat
1326 2339 1338 2379 3

143 2388 270 2434 Cum
305 2396 410 2434 rota
444 2387 758 2449 praecipitem
796 2396 844 2435 et
878 2403 1111 2449 procursu
1147 2387 1368 2434 concitus
1403 2385 1503 2435 axis

142 2452 340 2515 Impulit
363 2453 666 2515 effunditque
702 2455 821 2511 solo,
860 2455 1154 2515 Turnusque
1190 2463 1385 2501 secutus
1694 2455 1789 2514 380

144 2522 300 2566 Imam
336 2520 461 2567 inter
493 2521 682 2581 galeam
719 2519 895 2567 summi
931 2519 1141 2567 thoracis
1178 2529 1225 2567 et
1261 2536 1370 2567 oras

142 2585 356 2633 Abstulit
391 2601 507 2633 ense
544 2595 703 2648 caput,
742 2595 1068 2648 truncumque
1104 2585 1298 2647 reliquit
1332 2586 1552 2631 harenae.

206 2653 369 2713 Atque
404 2667 461 2698 ea
496 2652 615 2699 dum
651 2652 834 2714 campis
870 2652 1024 2700 victor
1057 2652 1142 2699 dat
1177 2653 1343 2698 funera
1379 2654 1589 2710 Turnus,

146 2719 334 2764 Interea
368 2719 572 2766 Aenean
611 2720 899 2766 Mnestheus
937 2728 984 2765 et
1018 2719 1144 2765 fidus
1181 2719 1391 2764 Achates

143 2783 478 2844 Ascaniusque
513 2799 680 2832 comes
715 2785 881 2832 castris
917 2794 1125 2832 statuere
1162 2794 1430 2842 cruentum,
1695 2785 1785 2846 335
