1994 3055
89 137 150 194 38
506 135 568 181 P.
618 134 931 181 VERGJLJ
967 133 1315 182 MARONJS

89 247 100 267 ‘
119 241 192 290 Sit
225 241 437 302 Latium,
475 242 571 290 sint
606 242 786 289 Albani
822 257 909 303 per
943 243 1139 290 saecula
1173 258 1325 304 reges,

89 314 100 333 ‘
120 309 191 357 Sit
226 311 455 357 Romana
490 318 665 371 potens
705 310 830 355 Itala
863 309 1040 356 virtute
1074 325 1294 372 propago
1306 328 1319 369 3

89 380 100 400 ‘
122 375 331 433 Occidit,
371 375 702 437 occideritque
735 375 865 423 sinas
901 392 1014 422 cum
1050 377 1250 424 nomine
1287 375 1464 424 Troia!

89 442 188 492 Olli
223 443 479 491 subridens
514 443 772 489 hominum
807 458 1067 504 rerumque
1103 453 1342 504 repertor:

89 515 101 535 ‘
122 512 188 558 Es
222 526 455 572 germana
492 509 627 557 Iovis
662 509 953 571 Saturnique
990 511 1141 556 altera
1176 511 1359 571 proles:

89 582 99 602 ‘
122 579 309 624 Irarum
345 585 507 623 tantos
544 575 697 623 volvis
734 577 825 623 sub
861 586 1060 637 pectore
1095 577 1294 623 fluctus!

89 646 300 691 ‘Verum
336 659 424 705 age
461 651 510 690 et
544 641 796 704 inceptum
831 644 1004 690 frustra
1040 643 1272 690 submitte
1308 644 1543 691 furorem:

91 716 101 735 ‘
123 713 217 769 Do,
255 711 389 772 quod
424 709 510 767 vis,
549 719 596 757 et
632 726 711 757 me
745 710 1001 772 victusque
1036 711 1305 772 volensque
1341 709 1550 757 remitto.

90 779 406 825 ‘Sermonem
441 776 650 824 Ausonii
686 777 897 839 patrium
934 793 1195 838 moresque
1231 778 1484 834 tenebunt,

90 849 100 869 ‘
121 845 291 906 thue
329 852 402 892 est
437 860 620 892 nomen
657 843 745 891 erit
755 863 767 904 3
804 843 1058 891 commixti
1093 860 1296 905 corpore
1333 852 1525 891 tantum

90 911 386 959 ‘Subsident
421 910 622 958 Teucri:
661 927 849 958 morem
884 911 1103 972 ritusque
1140 927 1388 958 sacrorum

91 977 390 1036 ‘Adiiciam3
426 977 702 1039 faciamque
739 994 910 1025 omnes
946 994 1047 1025 uno
1085 994 1168 1026 ore
1204 978 1418 1026 Latinos

91 1045 260 1092 ‘Hinc
294 1060 448 1106 genus
485 1044 709 1092 Ausonio
746 1044 953 1091 mixtum
990 1045 1123 1106 quod
1161 1045 1396 1106 sanguine
1434 1054 1608 1108 surget,

91 1114 276 1174 ‘Supra
310 1111 550 1169 homines,
591 1128 735 1173 supra
770 1111 837 1159 ire
876 1112 995 1159 deos
1031 1111 1212 1174 pietate
1249 1112 1453 1171 videbis,

91 1184 102 1204 ‘
124 1181 232 1226 Nec
266 1195 386 1241 gens
422 1181 521 1225 ulla
556 1188 666 1226 tuos
702 1194 858 1240 aeque
896 1179 1163 1227 celebrabit
1197 1180 1437 1226 honores.'

88 1245 277 1294 Adnuit
312 1245 386 1293 his
426 1247 569 1304 Iuno,
609 1255 658 1292 et
694 1255 911 1292 mentem
948 1247 1126 1293 laetata
1161 1246 1363 1293 retorsit.

91 1315 286 1361 Interea
321 1312 515 1360 excedit
552 1313 703 1370 caelo,
741 1313 1026 1374 nubemque
1062 1312 1302 1374 relinquit.

157 1380 253 1427 His
288 1379 408 1427 actis
445 1379 577 1426 aliud
615 1378 820 1427 Genitor
853 1395 1021 1426 secum
1056 1378 1162 1440 ipse
1197 1381 1398 1439 volutat,

91 1449 444 1509 Iuturnamque
480 1455 617 1508 parat
651 1445 805 1494 fratris
841 1445 1085 1494 dimittere
1119 1447 1183 1493 ab
1219 1446 1376 1494 armis.

91 1513 336 1561 Dicuntur
369 1513 592 1575 geminae
628 1522 789 1575 pestes
826 1513 1119 1575 cognomine
1158 1513 1321 1571 Dirae,

91 1583 226 1642 Quas
264 1590 311 1629 et
346 1583 629 1627 Tartaream
666 1582 782 1627 Nox
819 1580 1114 1642 intempesta
1153 1583 1435 1642 Megaeram

92 1650 209 1696 Uno
245 1648 520 1709 eodemque
559 1646 667 1694 tulit
701 1656 855 1709 partu,
894 1647 1189 1709 paribusque
1226 1647 1429 1695 revinxit

91 1717 381 1777 Serpentum
419 1714 571 1776 spiris,
610 1723 938 1775 ventosasque
975 1714 1166 1762 addidit
1201 1716 1313 1761 alas.

93 1785 206 1829 Hae
244 1781 376 1829 Iovis
413 1782 474 1828 ad
513 1781 688 1828 solium
726 1781 956 1842 saevique
992 1781 1041 1827 in
1077 1781 1245 1828 limine
1281 1781 1406 1843 regis

90 1849 357 1911 Adparent,
395 1858 677 1909 acuuntque
713 1858 900 1895 metum
937 1848 1224 1896 mortalibus
1259 1849 1430 1911 aegris,

91 1916 140 1964 Si
176 1917 375 1977 quando
411 1917 564 1963 letum
599 1915 876 1963 horrificum
913 1916 1211 1977 morbosque
1248 1916 1397 1963 deum
1432 1931 1513 1963 rex

93 1983 310 2042 Molitur‚
348 1982 543 2030 meritas
579 1991 663 2029 aut
697 1983 829 2030 bello
866 1982 1050 2029 territat
1085 1984 1241 2030 urbes.

93 2052 286 2097 Harum
322 2066 472 2096 unam
509 2051 720 2096 celerem
756 2049 951 2097 demisit
987 2050 1050 2097 ab
1086 2050 1283 2097 aethere
1319 2065 1512 2108 summo

92 2117 327 2178 Iuppiter,
364 2116 514 2178 inque
551 2132 698 2164 omen
736 2118 969 2164 Iuturnae
1006 2133 1256 2164 occurrere
1294 2116 1442 2164 iussit.

93 2186 185 2231 Illa
218 2185 364 2242 volat,
403 2182 646 2245 celerique
683 2184 747 2230 ad
784 2193 958 2231 terram
996 2184 1188 2231 turbine
1224 2185 1384 2231 fertur.

93 2253 210 2298 Non
246 2267 401 2308 secus,
439 2266 497 2297 ac
532 2266 682 2297 nervo
718 2267 805 2311 per
840 2252 1024 2298 nubem
1062 2251 1254 2312 inpulsa
1290 2251 1477 2312 sagitta,

93 2321 343 2365 Armatam
379 2317 509 2364 saevi
548 2318 753 2364 Parthus
790 2333 938 2378 quam
974 2318 1084 2365 felle
1119 2316 1310 2375 veneni,

93 2385 312 2443 Parthus,
351 2384 451 2432 sive
489 2384 681 2445 Cydon,
719 2385 871 2431 telum
908 2383 1268 2441 inmedicabile,
1308 2384 1459 2443 torsit,

91 2451 308 2499 Stridens
346 2461 394 2499 et
429 2452 609 2498 celeres
646 2450 894 2512 incognita
929 2450 1135 2498 transilit
1170 2453 1390 2500 umbras:

90 2518 224 2566 Talis
261 2534 312 2566 se
349 2528 453 2566 sata
489 2519 650 2565 Nocte
686 2518 808 2575 tulit,
847 2527 1094 2579 terrasque
1131 2517 1312 2579 petivit.

92 2587 360 2646 Postquam
396 2585 525 2632 acies
559 2584 695 2632 videt
732 2584 906 2631 Iliacas
943 2595 1091 2646 atque
1126 2585 1322 2646 agmina
1357 2586 1527 2644 Turni,

91 2652 233 2699 Alitis
270 2652 318 2698 in
354 2667 530 2713 parvae
567 2651 780 2699 subitam
817 2653 1023 2699 collecta
1058 2652 1275 2713 figuram,

93 2720 233 2780 Quae
270 2720 521 2780 quondam
559 2717 607 2765 in
645 2718 799 2766 bustis
836 2728 920 2765 aut
957 2718 1254 2766 culminibus
1291 2719 1495 2767 desertis

94 2788 255 2834 Nocte
291 2787 466 2833 sedens
503 2801 662 2832 serum
700 2784 831 2832 canit
867 2785 1127 2847 inportuna
1163 2802 1249 2847 per
1284 2787 1478 2834 umbras
1488 2806 1502 2847 3

96 2855 245 2900 Hanc
280 2869 420 2900 versa
454 2851 504 2899 in
540 2852 714 2899 faciem
750 2852 904 2899 Turni
941 2868 991 2899 se
1028 2852 1178 2914 pestis
1215 2854 1279 2900 ob
1317 2869 1400 2900 ora

1644 511 1740 569 830

1647 845 1739 904 835

1648 1182 1744 1238 840

1649 1851 1745 1911 850

1649 2522 1745 2566 860

1649 2856 1741 2917 865
