1994 3055
142 120 201 150 20
564 101 621 150 P.
675 102 988 150 VERGILI
1025 101 1375 149 MARONJS

130 210 330 269 Ictibus,
368 219 452 257 aut
488 225 652 271 sparsa
687 209 750 255 ad
785 223 1000 269 pugnam
1035 206 1250 268 proludit
1273 206 1465 252 harena„

196 279 305 325 Nec
339 276 499 324 minus
534 276 720 322 interea
753 273 985 321 maternis
1021 289 1191 320 saevus
1227 272 1278 319 in
1313 273 1456 320 armis

129 346 323 391 Aeneas
359 342 489 390 acuit
526 343 738 388 Martem
776 350 824 387 et
860 355 912 386 se
948 339 1148 386 suscitat
1183 339 1265 396 ira,

130 412 313 459 Oblato
348 409 568 481 gaudens
593 403 826 464 componi
862 404 1058 452 foedere
1092 404 1287 452 bellum.

127 478 258 523 Tum
293 475 452 523 socios
489 473 762 546 maestique
797 481 985 518 metum
1021 473 1203 518 solatur
1240 469 1347 528 Iuli,

128 543 251 590 Fata
286 542 484 598 docens,
523 539 722 612 regique
758 537 896 585 iubet
931 553 1164 598 responsa
1200 537 1378 584 Latino

129 611 276 657 Certa
310 608 486 654 referre
521 605 666 663 viros,
703 614 750 651 et
784 603 918 665 pacis
955 603 1119 651 dicere
1155 605 1298 664 leges.

196 677 396 722 Postera
430 672 511 719 vix
547 687 763 719 summos
801 671 1056 731 spargebat
1093 669 1274 716 lumine
1312 678 1504 716 montes

129 743 251 790 Orta
286 739 404 796 dies,
443 754 555 785 cum
591 737 802 798 primurn
838 738 937 784 alto
974 752 1025 783 se
1060 735 1246 797 gurgite
1283 737 1459 783 tollunt

128 808 253 855 Solis
290 805 418 867 equi,
454 806 714 864 lucemque
750 803 887 849 elatis
922 802 1120 849 naribus
1157 803 1348 850 efflant:

129 876 374 934 Campum
411 872 473 918 ad
511 880 756 917 certarnen
791 885 994 930 magnae
1032 869 1122 915 sub
1158 868 1416 916 moenibus
1451 866 1582 915 urbis

129 938 355 987 Dimensi
392 937 662 997 Rutulique
697 934 785 982 viri
821 935 1095 995 Teucrique
1131 936 1381 995 parabant,

128 1008 190 1053 In
225 1004 489 1065 medioque
525 1004 661 1050 focos
699 1010 746 1049 et
782 1001 856 1048 dis
895 1000 1240 1048 communibus
1276 1017 1381 1047 aras

127 1071 430 1120 Gramineas.
503 1069 599 1116 Alii
635 1070 920 1128 fontemque
957 1067 1218 1128 ignemque
1254 1068 1488 1126 ferebant,

70 1170 74 1173 -
125 1138 289 1186 Velati
324 1138 456 1194 limo,
497 1145 545 1183 et
580 1135 794 1181 verbena
829 1143 1049 1194 tempora
1084 1133 1245 1180 vincti.

127 1203 357 1252 Procedit
391 1201 518 1264 legio
554 1200 881 1258 Ausonidum,
919 1199 1165 1261 pilataque
1201 1198 1357 1261 plenis

126 1270 339 1332 Agmina
375 1286 426 1317 se
460 1269 673 1315 fundunt
707 1266 870 1341 portis.
949 1266 1085 1312 Hinc
1121 1266 1297 1313 Troius
1335 1265 1493 1314 omnis

127 1339 503 1399 Tyrrhenusque
538 1335 634 1380 ruit
668 1332 809 1380 variis
846 1332 1084 1397 exercitus
1121 1331 1279 1405 armis,

129 1405 283 1451 Haud
319 1418 457 1450 secus
493 1400 713 1448 instructi
748 1400 887 1457 ferro,
924 1415 1071 1471 quam
1108 1398 1147 1445 si
1181 1415 1352 1459 aspera
1389 1397 1560 1445 Martis

128 1473 300 1532 Pugna
333 1478 488 1516 vocet.
564 1469 672 1513 Nec
706 1482 807 1513 non
844 1437 1016 1512 rriediis
1052 1464 1102 1511 in
1137 1464 1335 1512 milibus
1369 1464 1458 1527 ipsi

128 1539 373 1584 Ductores
409 1550 527 1582 auro
562 1533 768 1580 volitant
804 1541 1034 1592 ostroque
1071 1531 1280 1592 superbi,

127 1606 192 1651 Et
225 1618 378 1664 genus
414 1599 638 1648 Assaraci
675 1599 978 1655 Mnestheus,
1019 1607 1066 1644 et
1102 1598 1236 1645 fortis
1271 1597 1444 1655 Asilas,

127 1672 192 1718 Et
229 1671 488 1729 Messapus
525 1682 706 1727 equum
743 1664 969 1721 domitor,
1010 1663 1262 1725 Neptunia
1295 1666 1465 1726 proles.

128 1738 298 1797 thue
335 1735 451 1781 dato
487 1733 625 1795 signo
663 1731 818 1793 spatia
853 1731 903 1777 in
939 1747 1026 1777 sua
1061 1730 1267 1792 quisque
1301 1731 1512 1788 recessit,

127 1804 361 1863 Defigunt
397 1800 555 1847 telluri
591 1800 752 1845 hastas
791 1807 838 1845 et
874 1807 1011 1844 scuta
1045 1796 1294 1844 reclinant

126 1871 171 1916 T
174 1885 258 1916 um
295 1867 458 1915 studio
496 1867 675 1913 effusae
710 1874 888 1911 matres
926 1874 973 1911 et
1007 1865 1177 1925 volgus
1213 1862 1454 1911 inermum

128 1934 436 1995 Invalidique
473 1948 614 1980 senes
651 1940 803 1978 turres
840 1940 888 1977 et
925 1940 1053 1977 tecta
1089 1931 1348 1977 domorum

128 2002 380 2050 Obsedere
398 2019 411 2060 3
448 1999 529 2046 alii
564 1997 715 2060 portis
752 1996 1042 2044 sublimibus
1079 1997 1285 2043 adstant.

192 2071 258 2115 At
295 2069 423 2114 Iuno
460 2082 487 2113 e
523 2080 731 2122 summo,
770 2063 853 2124 qui
888 2079 1021 2109 nunc
1057 2064 1276 2110 Albanus
1312 2063 1601 2121 habetur‚—-
1659 2108 1662 2112 .

125 2136 257 2182 Turn
286 2149 447 2194 neque
476 2147 658 2179 nomen
688 2140 788 2178 erat
816 2145 908 2176 nec
939 2131 1097 2177 honos
1131 2138 1215 2176 aut
1245 2129 1398 2190 gloria
1426 2129 1649 2177 monti—

128 2199 438 2262 Prospiciens
474 2198 663 2245 tumulo
701 2212 928 2269 campum
967 2197 1285 2257 adspectabat
1322 2205 1368 2243 et
1404 2198 1574 2243 ambas

128 2270 428 2314 Laurentum
464 2266 749 2324 Troumque
784 2262 912 2309 acies
949 2263 1220 2322 urbemque
1257 2262 1430 2309 Latini.

127 2333 388 2394 Extemplo
423 2330 577 2378 Turni
613 2329 681 2376 sic
717 2338 788 2376 est
823 2329 987 2375 adfata
1023 2344 1251 2386 sororem,

129 2401 258 2448 Diva
293 2400 451 2456 deam,
489 2395 669 2458 stagnis
705 2411 831 2456 quae
868 2393 1244 2454 fluminibusque
1280 2393 1467 2441 sonoris

130 2465 403 2524 Praesidet3
438 2436 569 2510 bunc
606 2461 673 2508 illi
708 2477 791 2508 rex
826 2461 1032 2508 aetheris
1068 2463 1191 2507 altus
1227 2461 1462 2508 honorem

130 2532 350 2594 Iuppiter
385 2539 550 2591 erepta
583 2544 671 2591 pro
706 2527 978 2589 virginitate
1014 2526 1240 2574 sacravit:

132 2599 407 2660 ‘Nympha,
447 2598 596 2644 decus
632 2593 903 2651 fluviorum,
942 2592 1106 2640 animo
1141 2591 1410 2654 gratissima
1447 2603 1628 2651 nostro,

131 2665 278 2722 ‘Scis,
318 2673 371 2711 ut
405 2672 453 2710 te
489 2662 677 2710 cunctis
713 2676 875 2717 unam,
915 2675 1255 2720 quaecumque
1291 2659 1494 2707 Latinae

130 2729 464 2792 ‘NIagnanimi
501 2728 632 2777 Iovis
668 2727 908 2788 ingratum
945 2726 1243 2773 adscendere
1279 2725 1455 2784 cubile,

131 2801 144 2824 ⁴
163 2795 490 2871 Praetulerim,
530 2795 748 2856 caelique
785 2792 941 2840 libens
977 2792 1028 2839 in
1062 2802 1198 2855 parte
1233 2791 1455 2841 locarim:

1690 487 1783 517 110

1691 814 1778 861 115

1691 1149 1783 1179 120

1691 1477 1778 1524 125

1689 1814 1781 1858 130

1690 2145 1777 2191 135

1688 2477 1780 2520 140

1685 2807 1775 2855 145
